<?xml version="1.0" encoding="UTF-8"?>
<!DOCTYPE html PUBLIC "-//W3C//DTD XHTML 1.0 Transitional//EN"
    "http://www.w3.org/TR/xhtml1/DTD/xhtml1-transitional.dtd">
<html xmlns="http://www.w3.org/1999/xhtml" xml:lang="en" lang="en">
 <head>
  <title>
</title>
<meta http-equiv="Content-Type" content="text/html;charset=utf-8" />
  <meta name='ocr-system' content='tesseract 3.04.00' />
  <meta name='ocr-capabilities' content='ocr_page ocr_carea ocr_par ocr_line ocrx_word'/>
</head>
<body>
  <div class='ocr_page' id='page_1' title='image "./ordericivitalis00deligoog/ordericivitalis00deligoog_0335.png"; bbox 0 0 3016 5242; ppageno 0'>
   <div class='ocr_carea' id='block_1_1' title="bbox 235 442 1298 525">
    <p class='ocr_par' dir='ltr' id='par_1_1' title="bbox 235 442 1298 525">
     <span class='ocr_line' id='line_1_1' title="bbox 235 442 1298 525; baseline -0.008 -12"><span class='ocrx_word' id='word_1_1' title='bbox 235 453 295 515; x_wconf 66' lang='lat'><strong>320</strong></span> <span class='ocrx_word' id='word_1_2' title='bbox 509 448 693 509; x_wconf 79' lang='lat' dir='ltr'><strong>HISTORIA</strong></span> <span class='ocrx_word' id='word_1_3' title='bbox 716 442 1019 504; x_wconf 74' lang='lat' dir='ltr'><strong>Ecetrsttsrtct.</strong></span> <span class='ocrx_word' id='word_1_4' title='bbox 1095 446 1298 525; x_wconf 70' lang='lat' dir='ltr'><strong>[toas-1090}</strong></span> 
     </span>
    </p>
   </div>
   <div class='ocr_carea' id='block_1_2' title="bbox 226 575 1301 1953">
    <p class='ocr_par' dir='ltr' id='par_1_2' title="bbox 233 575 1301 796">
     <span class='ocr_line' id='line_1_2' title="bbox 234 575 1301 680; baseline -0.001 -28"><span class='ocrx_word' id='word_1_5' title='bbox 234 584 341 680; x_wconf 79' lang='lat' dir='ltr'><strong>regiis</strong></span> <span class='ocrx_word' id='word_1_6' title='bbox 357 580 484 679; x_wconf 90' lang='lat' dir='ltr'><strong>opibus</strong></span> <span class='ocrx_word' id='word_1_7' title='bbox 501 579 544 652; x_wconf 90' lang='lat' dir='ltr'><strong>ad</strong></span> <span class='ocrx_word' id='word_1_8' title='bbox 558 576 767 650; x_wconf 87' lang='lat' dir='ltr'><strong>muniendas</strong></span> <span class='ocrx_word' id='word_1_9' title='bbox 784 575 910 648; x_wconf 90' lang='lat' dir='ltr'><strong>domos</strong></span> <span class='ocrx_word' id='word_1_10' title='bbox 927 603 1004 648; x_wconf 89' lang='lat' dir='ltr'><strong>suas</strong></span> <span class='ocrx_word' id='word_1_11' title='bbox 1021 577 1130 648; x_wconf 90' lang='lat' dir='ltr'><strong>armis</strong></span> <span class='ocrx_word' id='word_1_12' title='bbox 1147 593 1186 649; x_wconf 88' lang='lat' dir='ltr'><strong>et</strong></span> <span class='ocrx_word' id='word_1_13' title='bbox 1205 578 1301 651; x_wconf 85' lang='lat' dir='ltr'><strong>satel-</strong></span> 
     </span>
     <span class='ocr_line' id='line_1_3' title="bbox 233 697 1018 796; baseline -0.006 -27"><span class='ocrx_word' id='word_1_14' title='bbox 233 697 376 787; x_wconf 88' lang='lat' dir='ltr'><strong>litibus,</strong></span> <span class='ocrx_word' id='word_1_15' title='bbox 392 699 572 796; x_wconf 82' lang='lat' dir='ltr'><strong>copiosam</strong></span> <span class='ocrx_word' id='word_1_16' title='bbox 590 697 777 794; x_wconf 91' lang='lat' dir='ltr'><strong>pecuniam</strong></span> <span class='ocrx_word' id='word_1_17' title='bbox 791 711 1018 791; x_wconf 87' lang='lat' dir='ltr'><strong>receperunt.</strong></span> 
     </span>
    </p>

    <p class='ocr_par' dir='ltr' id='par_1_3' title="bbox 226 809 1297 1953">
     <span class='ocr_line' id='line_1_4' title="bbox 281 809 1297 911; baseline -0.003 -24"><span class='ocrx_word' id='word_1_18' title='bbox 281 817 385 889; x_wconf 88' lang='lat' dir='ltr'><strong>Tunc</strong></span> <span class='ocrx_word' id='word_1_19' title='bbox 403 813 608 886; x_wconf 86' lang='lat' dir='ltr'><strong>Rodbertus</strong></span> <span class='ocrx_word' id='word_1_20' title='bbox 627 811 699 884; x_wconf 87' lang='lat' dir='ltr'><strong>dux</strong></span> <span class='ocrx_word' id='word_1_21' title='bbox 720 827 845 885; x_wconf 81' lang='lat' dir='ltr'><strong>contra</strong></span> <span class='ocrx_word' id='word_1_22' title='bbox 864 827 919 885; x_wconf 88' lang='lat' dir='ltr'><strong>tot</strong></span> <span class='ocrx_word' id='word_1_23' title='bbox 940 809 1062 884; x_wconf 90' lang='lat' dir='ltr'><strong>hostes</strong></span> <span class='ocrx_word' id='word_1_24' title='bbox 1089 812 1297 911; x_wconf 76' lang='lat' dir='ltr'><strong>repagulum</strong></span> 
     </span>
     <span class='ocr_line' id='line_1_5' title="bbox 231 926 1294 1029; baseline -0.002 -27"><span class='ocrx_word' id='word_1_25' title='bbox 231 932 388 1029; x_wconf 84' lang='lat' dir='ltr'><strong>paravit,</strong></span> <span class='ocrx_word' id='word_1_26' title='bbox 416 931 597 1029; x_wconf 83' lang='lat' dir='ltr'><strong>filiamque</strong></span> <span class='ocrx_word' id='word_1_27' title='bbox 621 956 740 1017; x_wconf 92' lang='lat' dir='ltr'><strong>suam,</strong></span> <span class='ocrx_word' id='word_1_28' title='bbox 767 926 936 1027; x_wconf 88' lang='lat' dir='ltr'><strong>quamde</strong></span> <span class='ocrx_word' id='word_1_29' title='bbox 959 929 1089 1025; x_wconf 79' lang='lat' dir='ltr'><strong>pellice</strong></span> <span class='ocrx_word' id='word_1_30' title='bbox 1108 926 1294 1015; x_wconf 85' lang='lat' dir='ltr'><strong>babuerat,</strong></span> 
     </span>
     <span class='ocr_line' id='line_1_6' title="bbox 230 1043 1297 1143; baseline -0.003 -25"><span class='ocrx_word' id='word_1_31' title='bbox 230 1048 355 1130; x_wconf 82' lang='lat' dir='ltr'><strong>Heliae,</strong></span> <span class='ocrx_word' id='word_1_32' title='bbox 371 1046 446 1119; x_wconf 90' lang='lat' dir='ltr'><strong>lilio</strong></span> <span class='ocrx_word' id='word_1_33' title='bbox 461 1045 644 1117; x_wconf 86' lang='lat' dir='ltr'><strong>Lamberti</strong></span> <span class='ocrx_word' id='word_1_34' title='bbox 657 1043 701 1116; x_wconf 88' lang='lat' dir='ltr'><strong>de</strong></span> <span class='ocrx_word' id='word_1_35' title='bbox 716 1045 848 1116; x_wconf 88' lang='lat' dir='ltr'><strong>Sancto</strong></span> <span class='ocrx_word' id='word_1_36' title='bbox 860 1043 1021 1131; x_wconf 84' lang='lat' dir='ltr'><strong>Sidonio,</strong></span> <span class='ocrx_word' id='word_1_37' title='bbox 1041 1046 1233 1143; x_wconf 78' lang='lat' dir='ltr'><strong>conjugem</strong></span> <span class='ocrx_word' id='word_1_38' title='bbox 1245 1044 1297 1116; x_wconf 88' lang='lat' dir='ltr'><strong>de·</strong></span> 
     </span>
     <span class='ocr_line' id='line_1_7' title="bbox 229 1158 1295 1259; baseline -0.003 -25"><span class='ocrx_word' id='word_1_39' title='bbox 229 1163 302 1253; x_wconf 83' lang='lat' dir='ltr'><strong>dit,</strong></span> <span class='ocrx_word' id='word_1_40' title='bbox 323 1181 359 1235; x_wconf 84' lang='lat' dir='ltr'><strong>et</strong></span> <span class='ocrx_word' id='word_1_41' title='bbox 375 1162 527 1250; x_wconf 85' lang='lat' dir='ltr'><strong>Archas,</strong></span> <span class='ocrx_word' id='word_1_42' title='bbox 548 1188 632 1234; x_wconf 91' lang='lat' dir='ltr'><strong>cum</strong></span> <span class='ocrx_word' id='word_1_43' title='bbox 647 1161 752 1231; x_wconf 86' lang='lat' dir='ltr'><strong>Buris</strong></span> <span class='ocrx_word' id='word_1_44' title='bbox 774 1176 811 1232; x_wconf 91' lang='lat' dir='ltr'><strong>et</strong></span> <span class='ocrx_word' id='word_1_45' title='bbox 831 1158 1012 1259; x_wconf 88' lang='lat' dir='ltr'><strong>adjacente</strong></span> <span class='ocrx_word' id='word_1_46' title='bbox 1036 1161 1245 1257; x_wconf 87' lang='lat' dir='ltr'><strong>provincia,</strong></span> <span class='ocrx_word' id='word_1_47' title='bbox 1263 1160 1295 1231; x_wconf 90' lang='lat' dir='ltr'><strong>in</strong></span> 
     </span>
     <span class='ocr_line' id='line_1_8' title="bbox 230 1276 1295 1380; baseline -0.003 -28"><span class='ocrx_word' id='word_1_48' title='bbox 230 1281 402 1380; x_wconf 80' lang='lat' dir='ltr'><strong>mariagio</strong></span> <span class='ocrx_word' id='word_1_49' title='bbox 421 1279 569 1366; x_wconf 82' lang='lat' dir='ltr'>tribuit,</span> <span class='ocrx_word' id='word_1_50' title='bbox 592 1294 631 1349; x_wconf 87' lang='lat' dir='ltr'><strong>ut</strong></span> <span class='ocrx_word' id='word_1_51' title='bbox 651 1276 861 1350; x_wconf 83' lang='lat' dir='ltr'><strong>adversariis</strong></span> <span class='ocrx_word' id='word_1_52' title='bbox 877 1277 1075 1361; x_wconf 80' lang='lat' dir='ltr'><strong>resisteret,</strong></span> <span class='ocrx_word' id='word_1_53' title='bbox 1096 1276 1295 1376; x_wconf 77' lang='lat' dir='ltr'><strong>Galegiique</strong></span> 
     </span>
     <span class='ocr_line' id='line_1_9' title="bbox 230 1391 1294 1490; baseline -0.003 -24"><span class='ocrx_word' id='word_1_54' title='bbox 230 1398 439 1469; x_wconf 87' lang='lat' dir='ltr'><strong>comitatum</strong></span> <span class='ocrx_word' id='word_1_55' title='bbox 472 1391 679 1466; x_wconf 75' lang='lat' dir='ltr'><strong>defenderet</strong></span> <span class='ocrx_word' id='word_1_56' title='bbox 712 1395 781 1490; x_wconf 84' lang='lat'><em>(1).</em></span> <span class='ocrx_word' id='word_1_57' title='bbox 819 1392 884 1464; x_wconf 94' lang='lat' dir='ltr'><strong>llle</strong></span> <span class='ocrx_word' id='word_1_58' title='bbox 915 1416 1003 1463; x_wconf 85' lang='lat' dir='ltr'><strong>vero</strong></span> <span class='ocrx_word' id='word_1_59' title='bbox 1022 1393 1118 1490; x_wconf 90' lang='lat' dir='ltr'><strong>jussa</strong></span> <span class='ocrx_word' id='word_1_60' title='bbox 1148 1392 1294 1463; x_wconf 79' lang='lat' dir='ltr'><strong>viriliter</strong></span> 
     </span>
     <span class='ocr_line' id='line_1_10' title="bbox 228 1506 1293 1608; baseline -0.006 -25"><span class='ocrx_word' id='word_1_61' title='bbox 228 1510 410 1608; x_wconf 83' lang='lat' dir='ltr'><strong>complere</strong></span> <span class='ocrx_word' id='word_1_62' title='bbox 441 1510 565 1607; x_wconf 85' lang='lat' dir='ltr'><strong>coepit.</strong></span> <span class='ocrx_word' id='word_1_63' title='bbox 599 1507 760 1581; x_wconf 86' lang='lat' dir='ltr'><strong>Roberto</strong></span> <span class='ocrx_word' id='word_1_64' title='bbox 788 1510 886 1579; x_wconf 90' lang='lat' dir='ltr'><strong>enim</strong></span> <span class='ocrx_word' id='word_1_65' title='bbox 913 1506 1015 1597; x_wconf 89' lang='lat' dir='ltr'><strong>duci,</strong></span> <span class='ocrx_word' id='word_1_66' title='bbox 1041 1523 1079 1578; x_wconf 88' lang='lat' dir='ltr'><strong>et</strong></span> <span class='ocrx_word' id='word_1_67' title='bbox 1105 1506 1293 1579; x_wconf 86' lang='lat' dir='ltr'><strong>Guillelmo</strong></span> 
     </span>
     <span class='ocr_line' id='line_1_11' title="bbox 229 1618 1291 1725; baseline -0.006 -29"><span class='ocrx_word' id='word_1_68' title='bbox 229 1623 304 1697; x_wconf 88' lang='lat' dir='ltr'><strong>lilio</strong></span> <span class='ocrx_word' id='word_1_69' title='bbox 325 1628 398 1725; x_wconf 90' lang='lat' dir='ltr'><strong>ejus</strong></span> <span class='ocrx_word' id='word_1_70' title='bbox 419 1650 558 1722; x_wconf 82' lang='lat' dir='ltr'><strong>semper</strong></span> <span class='ocrx_word' id='word_1_71' title='bbox 586 1623 699 1696; x_wconf 85' lang='lat' dir='ltr'><strong>fidelis</strong></span> <span class='ocrx_word' id='word_1_72' title='bbox 725 1623 812 1710; x_wconf 85' lang='lat' dir='ltr'><strong>suit,</strong></span> <span class='ocrx_word' id='word_1_73' title='bbox 840 1639 877 1694; x_wconf 89' lang='lat' dir='ltr'><strong>et</strong></span> <span class='ocrx_word' id='word_1_74' title='bbox 902 1623 968 1693; x_wconf 90' lang='lat' dir='ltr'><strong>sub</strong></span> <span class='ocrx_word' id='word_1_75' title='bbox 992 1620 1135 1695; x_wconf 88' lang='lat' dir='ltr'><strong>duobus</strong></span> <span class='ocrx_word' id='word_1_76' title='bbox 1158 1618 1291 1721; x_wconf 79' lang='lat' dir='ltr'><strong>regibus</strong></span> 
     </span>
     <span class='ocr_line' id='line_1_12' title="bbox 227 1736 1289 1836; baseline -0.006 -24"><span class='ocrx_word' id='word_1_77' title='bbox 227 1741 424 1813; x_wconf 91' lang='lat' dir='ltr'><strong>Guillelmo</strong></span> <span class='ocrx_word' id='word_1_78' title='bbox 442 1757 478 1812; x_wconf 86' lang='lat' dir='ltr'><strong>et</strong></span> <span class='ocrx_word' id='word_1_79' title='bbox 495 1742 652 1813; x_wconf 71' lang='lat' dir='ltr'><strong>Hem-ico</strong></span> <span class='ocrx_word' id='word_1_80' title='bbox 666 1739 780 1810; x_wconf 87' lang='lat' dir='ltr'><strong>multa</strong></span> <span class='ocrx_word' id='word_1_81' title='bbox 799 1739 963 1836; x_wconf 87' lang='lat' dir='ltr'><strong>pertulit,</strong></span> <span class='ocrx_word' id='word_1_82' title='bbox 982 1736 1124 1810; x_wconf 88' lang='lat' dir='ltr'><strong>labores</strong></span> <span class='ocrx_word' id='word_1_83' title='bbox 1137 1736 1289 1809; x_wconf 83' lang='lat' dir='ltr'><strong>videlicet</strong></span> 
     </span>
     <span class='ocr_line' id='line_1_13' title="bbox 226 1853 1287 1953; baseline -0.008 -22"><span class='ocrx_word' id='word_1_84' title='bbox 226 1886 267 1930; x_wconf 90' lang='lat' dir='ltr'><strong>ac</strong></span> <span class='ocrx_word' id='word_1_85' title='bbox 296 1857 638 1931; x_wconf 83' lang='lat' dir='ltr'><strong>exhereditationem</strong></span> <span class='ocrx_word' id='word_1_86' title='bbox 666 1859 741 1953; x_wconf 81' lang='lat' dir='ltr'><strong>(a),</strong></span> <span class='ocrx_word' id='word_1_87' title='bbox 768 1854 918 1944; x_wconf 85' lang='lat' dir='ltr'><strong>damna,</strong></span> <span class='ocrx_word' id='word_1_88' title='bbox 949 1855 1098 1928; x_wconf 85' lang='lat' dir='ltr'><strong>exilium</strong></span> <span class='ocrx_word' id='word_1_89' title='bbox 1119 1881 1161 1928; x_wconf 90' lang='lat' dir='ltr'><strong>ac</strong></span> <span class='ocrx_word' id='word_1_90' title='bbox 1187 1853 1287 1927; x_wconf 80' lang='lat' dir='ltr'><strong>multa</strong></span> 
     </span>
    </p>
   </div>
   <div class='ocr_carea' id='block_1_3' title="bbox 227 1977 401 2072">
    <p class='ocr_par' dir='ltr' id='par_1_4' title="bbox 227 1977 401 2072">
     <span class='ocr_line' id='line_1_14' title="bbox 227 1977 401 2072; baseline 0 -27"><span class='ocrx_word' id='word_1_91' title='bbox 227 1977 401 2072; x_wconf 85' lang='lat' dir='ltr'><strong>pericula.</strong></span> 
     </span>
    </p>
   </div>
   <div class='ocr_carea' id='block_1_4' title="bbox 276 2089 1283 2173">
    <p class='ocr_par' dir='ltr' id='par_1_5' title="bbox 276 2089 1283 2173">
     <span class='ocr_line' id='line_1_15' title="bbox 276 2089 1283 2173; baseline -0.002 -10"><span class='ocrx_word' id='word_1_92' title='bbox 276 2094 324 2163; x_wconf 88' lang='lat' dir='ltr'><strong>X.</strong></span> <span class='ocrx_word' id='word_1_93' title='bbox 347 2091 541 2164; x_wconf 82' lang='lat' dir='ltr'><strong>Audientes</strong></span> <span class='ocrx_word' id='word_1_94' title='bbox 553 2092 776 2164; x_wconf 89' lang='lat' dir='ltr'><strong>Cenomanni</strong></span> <span class='ocrx_word' id='word_1_95' title='bbox 791 2090 974 2163; x_wconf 86' lang='lat' dir='ltr'><strong>dissidium</strong></span> <span class='ocrx_word' id='word_1_96' title='bbox 983 2089 1283 2173; x_wconf 74' lang='lat' dir='ltr'><strong>Normannorum</strong></span> 
     </span>
    </p>
   </div>
   <div class='ocr_carea' id='block_1_5' title="bbox 224 2210 1282 2660">
    <p class='ocr_par' dir='ltr' id='par_1_6' title="bbox 224 2210 1282 2660">
     <span class='ocr_line' id='line_1_16' title="bbox 226 2210 1282 2311; baseline -0.006 -28"><span class='ocrx_word' id='word_1_97' title='bbox 226 2212 475 2311; x_wconf 81' lang='lat' dir='ltr'><strong>cogitaverunt</strong></span> <span class='ocrx_word' id='word_1_98' title='bbox 496 2210 690 2281; x_wconf 78' lang='lat' dir='ltr'><strong>fastuosum</strong></span> <span class='ocrx_word' id='word_1_99' title='bbox 716 2226 917 2284; x_wconf 85' lang='lat' dir='ltr'><strong>excuterea</strong></span> <span class='ocrx_word' id='word_1_100' title='bbox 937 2234 974 2280; x_wconf 89' lang='lat' dir='ltr'><strong>se</strong></span> <span class='ocrx_word' id='word_1_101' title='bbox 992 2210 1125 2307; x_wconf 76' lang='lat' dir='ltr'><strong>jugum</strong></span> <span class='ocrx_word' id='word_1_102' title='bbox 1150 2230 1282 2289; x_wconf 70' lang='lat' dir='ltr'><strong>eorum</strong></span> 
     </span>
     <span class='ocr_line' id='line_1_17' title="bbox 224 2321 1281 2431; baseline -0.005 -32"><span class='ocrx_word' id='word_1_103' title='bbox 224 2327 320 2427; x_wconf 87' lang='lat' dir='ltr'><strong>quod</strong></span> <span class='ocrx_word' id='word_1_104' title='bbox 341 2329 428 2401; x_wconf 92' lang='lat' dir='ltr'><strong>olim</strong></span> <span class='ocrx_word' id='word_1_105' title='bbox 446 2330 560 2401; x_wconf 81' lang='lat' dir='ltr'><strong>lacere</strong></span> <span class='ocrx_word' id='word_1_106' title='bbox 574 2326 756 2398; x_wconf 84' lang='lat' dir='ltr'><strong>multoties</strong></span> <span class='ocrx_word' id='word_1_107' title='bbox 778 2326 895 2399; x_wconf 90' lang='lat' dir='ltr'><strong>conati</strong></span> <span class='ocrx_word' id='word_1_108' title='bbox 911 2341 995 2396; x_wconf 88' lang='lat' dir='ltr'><strong>sunt</strong></span> <span class='ocrx_word' id='word_1_109' title='bbox 1007 2322 1075 2396; x_wconf 88' lang='lat' dir='ltr'><strong>sub</strong></span> <span class='ocrx_word' id='word_1_110' title='bbox 1087 2321 1281 2431; x_wconf 81' lang='lat' dir='ltr'><strong>Guillelm0‚</strong></span> 
     </span>
     <span class='ocr_line' id='line_1_18' title="bbox 224 2440 1282 2544; baseline -0.005 -28"><span class='ocrx_word' id='word_1_111' title='bbox 224 2471 357 2544; x_wconf 79' lang='lat' dir='ltr'><strong>magno</strong></span> <span class='ocrx_word' id='word_1_112' title='bbox 373 2470 456 2543; x_wconf 78' lang='lat' dir='ltr'><strong>rege</strong></span> <span class='ocrx_word' id='word_1_113' title='bbox 473 2444 690 2543; x_wconf 82' lang='lat' dir='ltr'><strong>Anglorum.</strong></span> <span class='ocrx_word' id='word_1_114' title='bbox 712 2445 789 2516; x_wconf 90' lang='lat' dir='ltr'><strong>Hoc</strong></span> <span class='ocrx_word' id='word_1_115' title='bbox 806 2442 987 2517; x_wconf 86' lang='lat' dir='ltr'><strong>Robertus</strong></span> <span class='ocrx_word' id='word_1_116' title='bbox 997 2440 1072 2514; x_wconf 89' lang='lat' dir='ltr'><strong>dux</strong></span> <span class='ocrx_word' id='word_1_117' title='bbox 1090 2456 1133 2513; x_wconf 89' lang='lat' dir='ltr'><strong>ut</strong></span> <span class='ocrx_word' id='word_1_118' title='bbox 1146 2462 1282 2537; x_wconf 79' lang='lat' dir='ltr'><strong>compe-</strong></span> 
     </span>
     <span class='ocr_line' id='line_1_19' title="bbox 225 2556 1282 2660; baseline -0.005 -30"><span class='ocrx_word' id='word_1_119' title='bbox 225 2563 304 2649; x_wconf 85' lang='lat' dir='ltr'><strong>riit,</strong></span> <span class='ocrx_word' id='word_1_120' title='bbox 333 2561 466 2660; x_wconf 80' lang='lat' dir='ltr'><strong>legatos</strong></span> <span class='ocrx_word' id='word_1_121' title='bbox 499 2577 534 2631; x_wconf 88' lang='lat' dir='ltr'><strong>et</strong></span> <span class='ocrx_word' id='word_1_122' title='bbox 564 2560 687 2632; x_wconf 86' lang='lat' dir='ltr'><strong>exenia</strong></span> <span class='ocrx_word' id='word_1_123' title='bbox 720 2559 893 2645; x_wconf 89' lang='lat' dir='ltr'><strong>Fulconi,</strong></span> <span class='ocrx_word' id='word_1_124' title='bbox 930 2556 1211 2658; x_wconf 80' lang='lat' dir='ltr'><strong>Andegavorum</strong></span> <span class='ocrx_word' id='word_1_125' title='bbox 1237 2580 1282 2625; x_wconf 80' lang='lat' dir='ltr'><strong>aa·</strong></span> 
     </span>
    </p>
   </div>
   <div class='ocr_carea' id='block_1_6' title="bbox 219 2674 1281 3596">
    <p class='ocr_par' dir='ltr' id='par_1_7' title="bbox 219 2674 1281 3596">
     <span class='ocr_line' id='line_1_20' title="bbox 225 2674 1281 2775; baseline -0.004 -28"><span class='ocrx_word' id='word_1_126' title='bbox 225 2692 336 2774; x_wconf 86' lang='lat' dir='ltr'><strong>trapae</strong></span> <span class='ocrx_word' id='word_1_127' title='bbox 355 2678 407 2773; x_wconf 68' lang='grc' dir='ltr'><strong>(ὅ)</strong></span> <span class='ocrx_word' id='word_1_128' title='bbox 418 2733 428 2766; x_wconf 88' lang='grc'><strong>,</strong></span> <span class='ocrx_word' id='word_1_129' title='bbox 447 2675 637 2748; x_wconf 87' lang='lat' dir='ltr'><strong>destinavit</strong></span> <span class='ocrx_word' id='word_1_130' title='bbox 644 2707 654 2764; x_wconf 65' lang='grc' dir='ltr'><strong><em>ς</em></strong></span> <span class='ocrx_word' id='word_1_131' title='bbox 673 2675 805 2749; x_wconf 85' lang='lat' dir='ltr'><strong>obnixe</strong></span> <span class='ocrx_word' id='word_1_132' title='bbox 823 2701 973 2775; x_wconf 82' lang='lat' dir='ltr'><strong>rogans,</strong></span> <span class='ocrx_word' id='word_1_133' title='bbox 991 2690 1032 2747; x_wconf 92' lang='lat' dir='ltr'><strong>ut</strong></span> <span class='ocrx_word' id='word_1_134' title='bbox 1045 2674 1281 2747; x_wconf 73' lang='lat' dir='ltr'><strong>Cenomannos</strong></span> 
     </span>
     <span class='ocr_line' id='line_1_21' title="bbox 223 2783 1280 2891; baseline -0.005 -29"><span class='ocrx_word' id='word_1_135' title='bbox 223 2821 241 2862; x_wconf 89' lang='lat' dir='ltr'><strong>a</strong></span> <span class='ocrx_word' id='word_1_136' title='bbox 256 2794 448 2866; x_wconf 83' lang='lat' dir='ltr'><strong>temerario</strong></span> <span class='ocrx_word' id='word_1_137' title='bbox 465 2820 549 2864; x_wconf 88' lang='lat' dir='ltr'><strong>ausu</strong></span> <span class='ocrx_word' id='word_1_138' title='bbox 567 2809 827 2891; x_wconf 89' lang='lat' dir='ltr'><strong>compesceret,</strong></span> <span class='ocrx_word' id='word_1_139' title='bbox 843 2820 884 2864; x_wconf 91' lang='lat' dir='ltr'><strong>ac</strong></span> <span class='ocrx_word' id='word_1_140' title='bbox 902 2793 939 2864; x_wconf 92' lang='lat' dir='ltr'><strong>in</strong></span> <span class='ocrx_word' id='word_1_141' title='bbox 963 2790 1226 2865; x_wconf 84' lang='lat' dir='ltr'><strong>Normanniam</strong></span> <span class='ocrx_word' id='word_1_142' title='bbox 1246 2783 1280 2857; x_wconf 88' lang='lat' dir='ltr'><strong>ad</strong></span> 
     </span>
     <span class='ocr_line' id='line_1_22' title="bbox 222 2903 1278 3009; baseline -0.004 -29"><span class='ocrx_word' id='word_1_143' title='bbox 222 2934 257 2980; x_wconf 91' lang='lat' dir='ltr'><strong>se</strong></span> <span class='ocrx_word' id='word_1_144' title='bbox 290 2911 448 3007; x_wconf 81' lang='lat' dir='ltr'><strong>graviter</strong></span> <span class='ocrx_word' id='word_1_145' title='bbox 480 2926 717 3009; x_wconf 78' lang='lat' dir='ltr'><strong>aegrotantem</strong></span> <span class='ocrx_word' id='word_1_146' title='bbox 747 2911 899 2982; x_wconf 87' lang='lat' dir='ltr'><strong>veniret.</strong></span> <span class='ocrx_word' id='word_1_147' title='bbox 932 2909 982 2980; x_wconf 79' lang='lat' dir='ltr'><strong>At</strong></span> <span class='ocrx_word' id='word_1_148' title='bbox 1005 2909 1068 2981; x_wconf 89' lang='lat' dir='ltr'><strong>ille</strong></span> <span class='ocrx_word' id='word_1_149' title='bbox 1091 2903 1278 2982; x_wconf 74' lang='lat' dir='ltr'><strong>obsecranti</strong></span> 
     </span>
     <span class='ocr_line' id='line_1_23' title="bbox 224 3023 1278 3126; baseline 0 -30"><span class='ocrx_word' id='word_1_150' title='bbox 224 3023 379 3098; x_wconf 87' lang='lat' dir='ltr'><strong>libenter</strong></span> <span class='ocrx_word' id='word_1_151' title='bbox 411 3026 611 3126; x_wconf 83' lang='lat' dir='ltr'><strong>adquievit,</strong></span> <span class='ocrx_word' id='word_1_152' title='bbox 643 3026 842 3126; x_wconf 89' lang='lat' dir='ltr'><strong>ducemque</strong></span> <span class='ocrx_word' id='word_1_153' title='bbox 873 3029 949 3125; x_wconf 86' lang='lat' dir='ltr'><strong>jam</strong></span> <span class='ocrx_word' id='word_1_154' title='bbox 983 3026 1278 3099; x_wconf 80' lang='lat' dir='ltr'><strong>convalescentem</strong></span> 
     </span>
     <span class='ocr_line' id='line_1_24' title="bbox 220 3139 1274 3242; baseline 0.008 -29"><span class='ocrx_word' id='word_1_155' title='bbox 220 3144 381 3241; x_wconf 87' lang='lat' dir='ltr'><strong>reperiit.</strong></span> <span class='ocrx_word' id='word_1_156' title='bbox 412 3144 495 3216; x_wconf 86' lang='lat' dir='ltr'><strong>Post</strong></span> <span class='ocrx_word' id='word_1_157' title='bbox 524 3145 679 3242; x_wconf 85' lang='lat' dir='ltr'><strong>plurima</strong></span> <span class='ocrx_word' id='word_1_158' title='bbox 704 3146 799 3242; x_wconf 83' lang='lat' dir='ltr'><strong>pacis</strong></span> <span class='ocrx_word' id='word_1_159' title='bbox 829 3160 865 3215; x_wconf 86' lang='lat' dir='ltr'><strong>et</strong></span> <span class='ocrx_word' id='word_1_160' title='bbox 890 3143 1058 3216; x_wconf 80' lang='lat' dir='ltr'><strong>amicitiae</strong></span> <span class='ocrx_word' id='word_1_161' title='bbox 1090 3139 1274 3240; x_wconf 74' lang='lat' dir='ltr'><strong>colloquia.</strong></span> 
     </span>
     <span class='ocr_line' id='line_1_25' title="bbox 220 3252 1276 3359; baseline -0.003 -31"><span class='ocrx_word' id='word_1_162' title='bbox 220 3260 247 3328; x_wconf 86' lang='lat' dir='ltr'>F</span> <span class='ocrx_word' id='word_1_163' title='bbox 250 3260 330 3333; x_wconf 87' lang='lat' dir='ltr'><strong>ulco</strong></span> <span class='ocrx_word' id='word_1_164' title='bbox 348 3286 465 3334; x_wconf 86' lang='lat' dir='ltr'><strong>comes</strong></span> <span class='ocrx_word' id='word_1_165' title='bbox 484 3260 575 3333; x_wconf 86' lang='lat' dir='ltr'><strong>dixit</strong></span> <span class='ocrx_word' id='word_1_166' title='bbox 588 3261 668 3334; x_wconf 85' lang='lat' dir='ltr'><strong>duci</strong></span> <span class='ocrx_word' id='word_1_167' title='bbox 688 3262 874 3334; x_wconf 87' lang='lat' dir='ltr'><strong>Roberto:</strong></span> <span class='ocrx_word' id='word_1_168' title='bbox 894 3261 939 3333; x_wconf 84' lang='lat' dir='ltr'><strong>Si</strong></span> <span class='ocrx_word' id='word_1_169' title='bbox 948 3258 1040 3332; x_wconf 68' lang='lat' dir='ltr'><strong>mati</strong></span> <span class='ocrx_word' id='word_1_170' title='bbox 1050 3286 1164 3359; x_wconf 82' lang='lat' dir='ltr'><strong>quam</strong></span> <span class='ocrx_word' id='word_1_171' title='bbox 1183 3252 1276 3330; x_wconf 78' lang='lat' dir='ltr'><strong>valde</strong></span> 
     </span>
     <span class='ocr_line' id='line_1_26' title="bbox 221 3375 1273 3478; baseline -0.002 -29"><span class='ocrx_word' id='word_1_172' title='bbox 221 3382 329 3478; x_wconf 80' lang='lat' dir='ltr'><strong>cupio</strong></span> <span class='ocrx_word' id='word_1_173' title='bbox 343 3407 415 3451; x_wconf 84' lang='lat' dir='ltr'><strong>rem</strong></span> <span class='ocrx_word' id='word_1_174' title='bbox 428 3378 561 3467; x_wconf 74' lang='lat' dir='ltr'><strong>leceris</strong></span> <span class='ocrx_word' id='word_1_175' title='bbox 576 3408 705 3467; x_wconf 80' lang='lat' dir='ltr'><strong>unam,</strong></span> <span class='ocrx_word' id='word_1_176' title='bbox 724 3382 972 3450; x_wconf 83' lang='lat' dir='ltr'><strong>Cenomonnos</strong></span> <span class='ocrx_word' id='word_1_177' title='bbox 989 3375 1058 3449; x_wconf 73' lang='lat' dir='ltr'><strong>tibi</strong></span> <span class='ocrx_word' id='word_1_178' title='bbox 1070 3376 1273 3476; x_wconf 80' lang='lat' dir='ltr'><strong>subjiciam,</strong></span> 
     </span>
     <span class='ocr_line' id='line_1_27' title="bbox 219 3495 1274 3596; baseline -0.007 -30"><span class='ocrx_word' id='word_1_179' title='bbox 219 3512 253 3566; x_wconf 81' lang='lat' dir='ltr'><strong>et</strong></span> <span class='ocrx_word' id='word_1_180' title='bbox 268 3502 366 3567; x_wconf 85' lang='lat' dir='ltr'><strong>omni</strong></span> <span class='ocrx_word' id='word_1_181' title='bbox 383 3514 539 3596; x_wconf 80' lang='lat' dir='ltr'><strong>tempore</strong></span> <span class='ocrx_word' id='word_1_182' title='bbox 552 3498 619 3567; x_wconf 79' lang='lat' dir='ltr'><strong>tibi</strong></span> <span class='ocrx_word' id='word_1_183' title='bbox 635 3514 673 3567; x_wconf 83' lang='lat' dir='ltr'><strong>ut</strong></span> <span class='ocrx_word' id='word_1_184' title='bbox 684 3495 1179 3596; x_wconf 75' lang='lat' dir='ltr'><strong>amicusfidelitersewiam.</strong></span> <span class='ocrx_word' id='word_1_185' title='bbox 1192 3496 1274 3563; x_wconf 82' lang='lat' dir='ltr'><strong>Amo</strong></span> 
     </span>
    </p>
   </div>
   <div class='ocr_carea' id='block_1_7' title="bbox 1234 3662 1268 3675">
    <p class='ocr_par' dir='ltr' id='par_1_8' title="bbox 1234 3662 1268 3675">
     <span class='ocr_line' id='line_1_28' title="bbox 1234 3662 1268 3675; baseline 0 0"><span class='ocrx_word' id='word_1_186' title='bbox 1234 3662 1268 3675; x_wconf 51' lang='grc' dir='ltr'>ν</span> 
     </span>
    </p>
   </div>
   <div class='ocr_carea' id='block_1_8' title="bbox 221 3674 975 3685">
    <p class='ocr_par' dir='ltr' id='par_1_9' title="bbox 221 3674 975 3685">
     <span class='ocr_line' id='line_1_29' title="bbox 221 3674 975 3685; baseline -0.001 -2"><span class='ocrx_word' id='word_1_187' title='bbox 221 3676 410 3684; x_wconf 70' lang='lat' dir='ltr'>——n———-</span> <span class='ocrx_word' id='word_1_188' title='bbox 422 3678 433 3683; x_wconf 88' lang='lat'><strong>..</strong></span> <span class='ocrx_word' id='word_1_189' title='bbox 439 3676 857 3685; x_wconf 50' lang='lat' dir='ltr'><em>--——-.-.-.a—--....--.-</em></span> <span class='ocrx_word' id='word_1_190' title='bbox 864 3674 975 3682; x_wconf 76' lang='lat'><em>----—-</em></span> 
     </span>
    </p>
   </div>
   <div class='ocr_carea' id='block_1_9' title="bbox 216 3772 1272 4295">
    <p class='ocr_par' dir='ltr' id='par_1_10' title="bbox 216 3772 1272 4108">
     <span class='ocr_line' id='line_1_30' title="bbox 252 3772 1272 3847; baseline 0.002 -22"><span class='ocrx_word' id='word_1_191' title='bbox 252 3776 261 3841; x_wconf 88' lang='lat'>(</span> <span class='ocrx_word' id='word_1_192' title='bbox 267 3777 290 3841; x_wconf 87' lang='grc' dir='ltr'><strong>ι)</strong></span> <span class='ocrx_word' id='word_1_193' title='bbox 305 3772 397 3838; x_wconf 75' lang='lat' dir='ltr'><strong>Helie,</strong></span> <span class='ocrx_word' id='word_1_194' title='bbox 417 3773 458 3826; x_wconf 80' lang='lat' dir='ltr'><strong>sila</strong></span> <span class='ocrx_word' id='word_1_195' title='bbox 471 3775 505 3828; x_wconf 84' lang='lat' dir='ltr'><strong>de</strong></span> <span class='ocrx_word' id='word_1_196' title='bbox 520 3775 662 3840; x_wconf 67' lang='lat' dir='ltr'><strong>Laudent,</strong></span> <span class='ocrx_word' id='word_1_197' title='bbox 680 3778 809 3847; x_wconf 70' lang='lat' dir='ltr'><strong>seigneur</strong></span> <span class='ocrx_word' id='word_1_198' title='bbox 824 3775 860 3829; x_wconf 89' lang='lat' dir='ltr'><strong>de</strong></span> <span class='ocrx_word' id='word_1_199' title='bbox 874 3772 1061 3829; x_wconf 58' lang='lat' dir='ltr'><strong>saint-Saena</strong></span> <span class='ocrx_word' id='word_1_200' title='bbox 1076 3802 1109 3813; x_wconf 91' lang='lat'><strong>·-·</strong></span> <span class='ocrx_word' id='word_1_201' title='bbox 1123 3773 1272 3843; x_wconf 59' lang='lat' dir='ltr'><strong>Am·-</strong></span> 
     </span>
     <span class='ocr_line' id='line_1_31' title="bbox 220 3856 1269 3931; baseline -0.003 -15"><span class='ocrx_word' id='word_1_202' title='bbox 220 3864 526 3931; x_wconf 52' lang='lat' dir='ltr'><strong>buteram-Bonnam,</strong></span> <span class='ocrx_word' id='word_1_203' title='bbox 547 3866 782 3920; x_wconf 83' lang='lat' dir='ltr'><strong>arrondisscment</strong></span> <span class='ocrx_word' id='word_1_204' title='bbox 797 3864 832 3919; x_wconf 92' lang='lat' dir='ltr'><strong>de</strong></span> <span class='ocrx_word' id='word_1_205' title='bbox 848 3861 1028 3929; x_wconf 70' lang='lat' dir='ltr'><strong>Neuschttel,</strong></span> <span class='ocrx_word' id='word_1_206' title='bbox 1047 3871 1150 3916; x_wconf 67' lang='lat' dir='ltr'><strong>anton</strong></span> <span class='ocrx_word' id='word_1_207' title='bbox 1162 3857 1197 3913; x_wconf 84' lang='lat' dir='ltr'><strong>de</strong></span> <span class='ocrx_word' id='word_1_208' title='bbox 1210 3856 1269 3909; x_wconf 66' lang='lat' dir='ltr'><strong>lm·</strong></span> 
     </span>
     <span class='ocr_line' id='line_1_32' title="bbox 216 3948 1268 4027; baseline -0.003 -20"><span class='ocrx_word' id='word_1_209' title='bbox 216 3954 344 4009; x_wconf 79' lang='lat' dir='ltr'><strong>diniires.</strong></span> <span class='ocrx_word' id='word_1_210' title='bbox 364 3955 440 4007; x_wconf 74' lang='lat' dir='ltr'><strong>ll&#39;ous</strong></span> <span class='ocrx_word' id='word_1_211' title='bbox 453 3973 572 4025; x_wconf 79' lang='lat' dir='ltr'><strong>pensons</strong></span> <span class='ocrx_word' id='word_1_212' title='bbox 585 3956 667 4027; x_wconf 86' lang='lat' dir='ltr'><strong>qn&#39;au</strong></span> <span class='ocrx_word' id='word_1_213' title='bbox 683 3956 738 4010; x_wconf 85' lang='lat' dir='ltr'><strong>lirn</strong></span> <span class='ocrx_word' id='word_1_214' title='bbox 752 3955 787 4009; x_wconf 88' lang='lat' dir='ltr'><strong>de</strong></span> <span class='ocrx_word' id='word_1_215' title='bbox 803 3955 922 4026; x_wconf 75' lang='lat' dir='ltr'><strong>Calegii,</strong></span> <span class='ocrx_word' id='word_1_216' title='bbox 938 3951 958 4006; x_wconf 92' lang='lat' dir='ltr'><strong>il</strong></span> <span class='ocrx_word' id='word_1_217' title='bbox 971 3952 1032 4007; x_wconf 82' lang='lat' dir='ltr'><strong>lant</strong></span> <span class='ocrx_word' id='word_1_218' title='bbox 1042 3949 1097 4005; x_wconf 78' lang='lat' dir='ltr'><strong>lire</strong></span> <span class='ocrx_word' id='word_1_219' title='bbox 1113 3948 1224 4020; x_wconf 64' lang='lat' dir='ltr'><strong>ratast</strong></span> <span class='ocrx_word' id='word_1_220' title='bbox 1231 3960 1268 3996; x_wconf 71' lang='lat' dir='ltr'><strong>tv·</strong></span> 
     </span>
     <span class='ocr_line' id='line_1_33' title="bbox 216 4043 650 4108; baseline 0.005 -11"><span class='ocrx_word' id='word_1_221' title='bbox 216 4049 342 4108; x_wconf 78' lang='lat' dir='ltr'><strong>ntt&#39;lntns,</strong></span> <span class='ocrx_word' id='word_1_222' title='bbox 360 4043 385 4097; x_wconf 93' lang='lat' dir='ltr'><strong>le</strong></span> <span class='ocrx_word' id='word_1_223' title='bbox 399 4047 489 4097; x_wconf 74' lang='lat' dir='ltr'><strong>conrtd</strong></span> <span class='ocrx_word' id='word_1_224' title='bbox 502 4043 537 4096; x_wconf 90' lang='lat' dir='ltr'><strong>dc</strong></span> <span class='ocrx_word' id='word_1_225' title='bbox 552 4044 650 4099; x_wconf 85' lang='lat' dir='ltr'><strong>Talon.</strong></span> 
     </span>
    </p>

    <p class='ocr_par' dir='ltr' id='par_1_11' title="bbox 250 4129 984 4199">
     <span class='ocr_line' id='line_1_34' title="bbox 250 4129 984 4199; baseline -0.003 -15"><span class='ocrx_word' id='word_1_226' title='bbox 250 4134 288 4199; x_wconf 77' lang='lat' dir='ltr'><strong>(a)</strong></span> <span class='ocrx_word' id='word_1_227' title='bbox 305 4134 332 4185; x_wconf 84' lang='lat' dir='ltr'><em>E</em></span> <span class='ocrx_word' id='word_1_228' title='bbox 333 4131 580 4185; x_wconf 69' lang='lat' dir='ltr'><strong>rbercditationes.</strong></span> <span class='ocrx_word' id='word_1_229' title='bbox 596 4134 647 4187; x_wconf 78' lang='lat' dir='ltr'><strong>lla.</strong></span> <span class='ocrx_word' id='word_1_230' title='bbox 662 4132 696 4187; x_wconf 89' lang='lat' dir='ltr'><strong>dc</strong></span> <span class='ocrx_word' id='word_1_231' title='bbox 710 4133 733 4186; x_wconf 88' lang='lat' dir='ltr'><strong>la</strong></span> <span class='ocrx_word' id='word_1_232' title='bbox 747 4135 823 4187; x_wconf 85' lang='lat' dir='ltr'><strong>rcinc</strong></span> <span class='ocrx_word' id='word_1_233' title='bbox 835 4131 871 4186; x_wconf 87' lang='lat' dir='ltr'><strong>do</strong></span> <span class='ocrx_word' id='word_1_234' title='bbox 882 4129 984 4185; x_wconf 81' lang='lat' dir='ltr'><strong>Saldo.</strong></span> 
     </span>
    </p>

    <p class='ocr_par' dir='ltr' id='par_1_12' title="bbox 249 4218 602 4295">
     <span class='ocr_line' id='line_1_35' title="bbox 249 4218 602 4295; baseline 0.003 -21"><span class='ocrx_word' id='word_1_235' title='bbox 249 4218 286 4290; x_wconf 79' lang='lat'><strong>(5)</strong></span> <span class='ocrx_word' id='word_1_236' title='bbox 303 4220 602 4295; x_wconf 72' lang='lat' dir='ltr'><strong>Foulqnc-le·ll‹&#39;÷cbin.</strong></span> 
     </span>
    </p>
   </div>
   <div class='ocr_carea' id='block_1_10' title="bbox 0 0 1512 5242">
    <p class='ocr_par' dir='ltr' id='par_1_13' title="bbox 0 0 1512 5242">
     <span class='ocr_line' id='line_1_36' title="bbox 0 0 1512 5242; baseline 0 7"><span class='ocrx_word' id='word_1_237' title='bbox 0 0 1512 5242; x_wconf 95' lang='lat' dir='ltr'><strong> </strong></span> 
     </span>
    </p>
   </div>
  </div>
 </body>
</html>
