3046 5244
235 486 339 562 [roso]
618 483 734 545 uuus
754 485 914 546 suxrus.
1256 485 1296 543 n

234 614 328 713 qussi
342 629 529 688 mortuum
540 614 769 714 jamdeilere.
787 615 869 689 Alta
882 640 969 689 voce
984 617 1080 689 reiut
1091 641 1212 689 amens
1228 618 1297 690 cla-

234 730 366 817 mahat,
381 747 514 806 etcum
529 733 652 806 multis
666 732 807 807 fletibus
820 735 968 834 ejulans,
983 733 1124 806 dicebat
1137 765 1146 805 ε
1159 735 1238 806 Fili
1247 743 1296 807 rni

234 848 416 944 Ruduffe,
443 851 587 950 qualem
605 856 745 954 coepisti
760 879 835 924 non
852 851 1040 941 militium,
1061 851 1127 925 sed
1148 852 1297 927 demen-

233 970 322 1039 tiom
336 966 530 1041 exeruere?
544 970 827 1043 Detestabilibus
838 968 1046 1072 pedagogis
1058 998 1190 1071 praue,
1205 973 1297 1071 proli

232 1084 354 1158 dolor!
377 1088 552 1185 agitaris,
578 1113 729 1186 quorum
752 1086 923 1188 lethiferis
941 1088 1222 1190 sophismatibus
1239 1096 1298 1162 in-

232 1202 329 1275 sulse
357 1230 458 1276 mesic
484 1203 689 1295 seduceris,
721 1224 755 1278 et
784 1210 823 1278 in
849 1206 1058 1280 barathrum
1083 1206 1298 1308 perditionis

232 1320 484 1392 miserabiliter
507 1320 672 1393 traheris.
705 1322 738 1394 O
761 1350 873 1422 quarn
896 1325 994 1396 triste
1016 1322 1106 1395 milti
1125 1327 1298 1398 nuncium

235 1439 382 1524 misisti,
406 1464 584 1538 quumque
604 1439 774 1511 acerbum
793 1439 884 1512 nu'lii
902 1466 1087 1512 moerorem
1106 1444 1299 1540 peperisti!

238 1555 393 1655 Decepte
411 1560 570 1656 juvenis,
601 1557 694 1654 quid
719 1557 786 1628 tibi
810 1556 966 1631 datam?
995 1558 1171 1657 Nequiter
1196 1562 1300 1661 inju-
1404 1563 1412 1578 ⁸

234 1674 366 1745 naueh
394 1679 564 1746 inermem
581 1671 775 1773 jomulum
802 1674 955 1765 Ciuisti,
984 1672 1206 1775 mortfferum
1237 1677 1304 1750 tibi

235 1790 472 1889 dejectionem
490 1794 729 1891 promeruisti.
747 1793 827 1863 Fili
844 1796 897 1864 mi
918 1792 1101 1892 liudulfe,
1123 1792 1213 1895 quid
1231 1795 1301 1867 dc-

237 1907 608 2009 boccitundosecisti,
625 1914 691 2011 qui
703 1911 908 2009 primordia
924 1929 997 1984 ture
1014 1913 1154 1984 mitinae
1176 1930 1302 1985 contro

241 2028 523 2127 omnipotentem
536 2028 763 2102 exercuisti?
778 2031 872 2102 Noui
882 2033 1077 2103 certissime
1089 2030 1191 2130 quod
1204 2030 1304 2100 breve

237 2145 416 2238 goudium
435 2162 470 2217 et
490 2146 635 2242 longum
659 2149 843 2218 tristitiam
862 2145 1032 2218 habitunt
1053 2174 1134 2220 sum
1147 2172 1220 2248 pm
1241 2161 1304 2217 tuo

227 2258 415 2358 jocinore.
445 2262 578 2336 Nonne
601 2289 726 2336 omnes
746 2263 909 2335 doctores
926 2267 1065 2363 puriter
1084 2278 1302 2350 consonant,

207 2396 274 2463 ,et
296 2405 370 2451 uno
399 2405 491 2452 voce
509 2384 652 2482 possim
675 2380 888 2482 prrudicunt
907 2379 1007 2478 quod
1032 2379 1243 2451 ditissimus
1266 2382 1305 2450 in

241 2495 389 2569 Sanctis
413 2502 490 2570 suis
515 2496 677 2588 habitat,
705 2514 849 2570 etcum
875 2501 926 2569 eis
953 2497 1038 2570 lietu
1064 2495 1124 2568 uel
1150 2494 1305 2567 aduersu

236 2616 298 2713 pie
330 2614 489 2687 toleret?
522 2621 720 2705 Succurre,
749 2633 873 2717 puter,
911 2616 1106 2687 insanienti
1128 2613 1215 2715 filio
1226 2669 1237 2701 ,
1274 2628 1308 2683 et

240 2734 339 2802 omni
369 2731 519 2804 elaboro
549 2733 670 2804 studio
701 2750 738 2804 ut
771 2732 891 2804 abluti
920 2729 1131 2831 cornipedes
1164 2727 1310 2824 lugubri

241 2847 443 2919 redduntur
463 2847 664 2934 monocho;
688 2877 733 2921 ne
752 2854 878 2921 unicus
889 2847 996 2946 filius
1021 2864 1102 2918 tuus
1123 2859 1309 2944 protento

242 2963 374 3035 scelere
394 2972 516 3036 statim
542 2965 711 3036 trudatur
734 2965 932 3037 doemonio.
956 2964 1014 3036 Sic
1038 2960 1205 3062 prudenti
1229 2985 1308 3030 ma-

243 3095 347 3152 trona
367 3107 436 3179 pro
463 3082 575 3154 salute
593 3080 655 3152 titii
684 3082 925 3181 supplicante,
944 3078 1232 3177 monachumque
1243 3074 1309 3148 de·

243 3197 397 3269 solatum
427 3197 580 3272 fideliter
615 3200 773 3272 mulcere
798 3214 997 3299 satagente,
1023 3197 1192 3269 Albertus
1226 3219 1308 3266 cum

244 3316 341 3387 omui
358 3316 490 3388 familia
507 3344 566 3389 sua
581 3334 782 3391 commotus
798 3319 1038 3403 contremuit,
1058 3315 1191 3386 mulum
1210 3338 1307 3384 suam

246 3433 420 3506 monacho
438 3433 604 3521 tradidit,
620 3436 889 3534 armigerosque
900 3459 981 3507 suos
990 3460 1069 3507 cum
1085 3431 1148 3504 itto
1160 3428 1310 3502 Brchen

247 3547 374 3620 nilum
386 3550 444 3645 (t)
458 3548 668 3640 destinavit,
684 3549 868 3650 filiumque
879 3576 982 3621 suum
992 3605 1002 3637 ,
1014 3563 1055 3621 ut
1069 3549 1100 3619 ei
1119 3548 1194 3619 siue
1207 3570 1308 3617 mora

247 3689 395 3766 qunque
412 3664 530 3738 ablata
547 3667 689 3740 inerant
711 3665 896 3756 redderet,
917 3665 1070 3739 terribili
1087 3663 1309 3766 adjuratione

247 3780 462 3872 obtestatus,
490 3786 718 3859 constrinxit.
744 3784 986 3858 Guitmuudus
1015 3785 1133 3883 itaque
1159 3779 1310 3878 receptis

248 3901 341 3998 equs
354 3901 520 3974 Paccium
536 3904 724 3988 remearit,
748 3902 898 3976 Atberto
917 3917 953 3974 et
972 3901 1076 3973 uxori
1091 3901 1163 3999 ejus
1180 3894 1310 3997 gratias

250 4018 334 4114 egit,
350 4049 368 4092 a
387 4047 462 4121 quo
479 4036 632 4122 uterque
643 4022 783 4093 veniam
797 4046 864 4120 pro
880 4019 1069 4093 commisso
1085 4032 1185 4088 reatu
1194 4027 1312 4112 postu·

285 4284 320 4347 (¹)
333 4281 440 4336 Bst'nl·

323 4396 377 4445 ΙΙΙ.
