3046 5244
476 462 593 526 ttuttu
613 461 814 525 seruatus.
1113 471 1174 533 too

106 596 409 695 metropolitanas
428 593 543 683 sedes,
566 611 602 669 et
624 594 855 694 episcopales,
878 596 1072 669 secutrdum
1089 599 1175 673 scite

101 741 293 790 cationum
319 715 535 803 construxit,
560 710 840 812 monachosque,
862 713 925 812 qui
947 714 1047 812 prius
1071 715 1174 789 invisi

95 851 139 905 et
175 830 349 929 incogniti
380 830 488 903 Danis
517 845 641 917 erant,
676 830 857 920 accersiit,
888 847 925 902 et
957 848 1174 931 opportunae

92 948 342 1021 habitationis
360 946 478 1021 locum
500 947 536 1019 in
560 971 674 1045 regno
694 971 759 1032 suo
783 945 980 1020 liberaliter
1002 950 1051 1021 eis
1072 948 1170 1025 dele-

85 1066 219 1164 gavit.

150 1183 242 1255 Xll.
268 1183 375 1255 Anno
393 1179 439 1252 ab
456 1154 706 1255 lucitrnatioue
730 1181 876 1255 Domini
903 1195 944 1253 u⁰
962 1189 1071 1256 txxx⁰
1087 1199 1169 1274 vn0,

81 1286 305 1376 indictione
332 1312 382 1388 χ’,
410 1325 510 1373 trono
531 1297 588 1372 die
614 1301 715 1387 maii,
741 1325 872 1398 corpus
895 1301 1006 1374 satiati
1030 1300 1170 1377 Nicolai

74 1418 363 1516 archiepiscopi
379 1434 415 1490 et
432 1417 642 1492 confessoris
657 1416 703 1490 de
718 1417 838 1516 Myrea
857 1418 894 1490 in
908 1418 1041 1493 Berum
1055 1435 1170 1493 tranr-

73 1538 219 1609 latum
236 1550 301 1607 est.
321 1533 436 1628 Quam
454 1534 742 1622 translationem,
768 1535 924 1635 qualiter
942 1550 980 1608 et
1001 1563 1021 1608 a
1040 1535 1171 1636 quibua

68 1652 189 1724 sacta
210 1652 276 1737 sit,
295 1648 497 1737 Johaunes,
516 1647 786 1723 archidiaconus
806 1650 969 1723 Berensis
990 1651 1166 1743 eecluiae,

76 1765 307 1839 luculenter
319 1762 490 1837 describit
503 1765 571 1862 (t)
588 1764 643 1836 Ex
658 1765 733 1864 ejus
749 1764 853 1839 dictis
870 1763 958 1838 libet
971 1792 1169 1866 ,parumper

70 1882 312 1980 decerpere,
331 1895 369 1952 et
386 1880 608 1952 mentionem
623 1896 697 1954 tam
713 1882 880 1980 gloriosae
898 1883 949 1954 rei
967 1880 1050 1957 huic
1065 1908 1169 1982 opus·

77 2000 182 2072 culo
211 2000 368 2070 inserere
391 1996 435 2069 ad
457 1998 625 2071 notitiam
644 1996 902 2084 studiosorum,
924 1999 986 2099 qui
1005 1998 1167 2073 nondum

81 2116 191 2190 dicta
222 2113 397 2188 Johannis
427 2112 568 2203 videre3
597 2116 624 2186 si
654 2117 748 2188 sorte
780 2116 967 2214 contingat
1000 2132 1041 2188 ut
1073 2115 1166 2191 istud

84 2232 296 2334 dignentur
318 2230 504 2330 inspicere.

139 2352 328 2448 Tempore
340 2348 457 2421 hierii
473 2349 713 2447 imperatoris,
727 2348 852 2436 Turci,
864 2349 997 2449 aliique
1009 2375 1164 2449 pagano·

95 2493 177 2539 rum
195 2467 320 2566 populi
340 2465 475 2540 rabiem
494 2493 593 2552 suam
613 2491 780 2541 exercere
797 2467 957 2541 volentes
976 2467 1066 2541 lines
1084 2493 1165 2542 suos

96 2584 280 2672 exierunt,
297 2583 443 2684 [leoque
456 2584 706 2682 permittente,
720 2584 864 2681 Lyciam
879 2584 1036 2684 aliasque
1051 2586 1166 2684 regio

98 2727 155 2776 nee
175 2700 467 2775 Christianorum
485 2699 691 2801 depopulati
711 2717 813 2793 sunt,
828 2701 991 2776 ecclesias
1013 2719 1165 2802 propter
1180 2726 1183 2731 ·

99 2834 237 2916 peccata
251 2817 455 2892 christianae
473 2817 586 2918 plebis
601 2817 875 2913 destruxerunt,
893 2845 1014 2893 cruces
1027 2835 1062 2892 et
1078 2820 1164 2892 ima-

99 2940 192 3033 gines
209 2935 343 3009 Christi
360 2954 466 3037 atque
479 2939 677 3009 sanctuaria
696 2937 818 3010 multis
831 2935 947 3010 modis
958 2938 1160 3034 uiolarunt,

99 3070 127 3126 et
141 3053 273 3127 multas
288 3052 394 3126 urbes
408 3081 490 3127 cum
506 3035 643 3127 civibus
655 3055 726 3128 suis
740 3053 907 3128 incendio
921 3055 1159 3128 tradiderunt.

126 3378 164 3443 (ι)
176 3376 341 3428 Translatin
354 3376 385 3430 S.
398 3373 512 3427 Nicolae'
522 3376 645 3444 episcopi
657 3392 694 3428 ex
707 3374 796 3446 Myra
805 3374 904 3447 Lyctia
918 3373 986 3429 urbe
997 3373 1038 3428 ad
1047 3375 1162 3446 Apulia

98 3462 224 3531 rppa'dunr
244 3463 364 3516 Barium
379 3463 429 3517 vel
440 3462 551 3528 Barim,
563 3466 667 3533 scriptu
683 3461 722 3516 ab
737 3462 866 3516 Iohanne
884 3459 1080 3517 archidiacono
1100 3461 1159 3517 Ba-

98 3558 177 3613 renat,
195 3554 312 3626 jubente
331 3553 437 3610 Ursone
455 3553 578 3609 Barcaei
590 3563 617 3606 et
632 3554 773 3607 Canusino
786 3552 1004 3624 archiepiscopo,
1020 3554 1094 3607 eirca
1106 3572 1160 3608 arr·

98 3661 157 3698 aum
169 3644 286 3698 nomm
296 3662 326 3700 ιι,
343 3662 417 3699 cxxx.
431 3654 511 3697 vtum
524 3653 575 3698 aut
584 3646 659 3698 circa
665 3670 673 3706 ;
687 3641 770 3726 apud
776 3643 888 3697 Surium
900 3641 946 3697 die
960 3662 1033 3697 nono
1046 3645 1123 3696 mari.
1136 3641 1159 3697 ll

97 3735 175 3790 existe
184 3753 224 3789 nu
233 3744 313 3789 autre
324 3735 393 3790 recit
401 3732 655 3807 contemporain'de
665 3744 738 3791 cette
750 3733 922 3815 translation
932 3753 982 3807 par
990 3732 1157 3807 Nicephorc,

98 3825 183 3880 noiue
195 3824 235 3878 da
249 3835 369 3880 convent
377 3823 413 3880 de
426 3824 619 3899 Salat-beron
631 3824 717 3880 alleri
727 3867 735 3893 ,
746 3823 857 3899 publice
869 3842 920 3898 par
935 3818 1082 3880 Falcouius
1091 3822 1160 3879 dans

100 3926 133 3965 tes
145 3915 219 3969 Acta
229 3918 397 3986 primigenia
416 3916 445 3970 S.
462 3915 576 3970 Nicolai
585 3915 708 3988 (d’aprea
722 3934 759 3969 nu
774 3916 925 3970 manuscrit
937 3914 973 3971 de
989 3913 1110 3988 l'abbaye
1123 3912 1159 3967 de

101 3998 353 4058 Sciat-Barthelemi
366 4003 402 4059 de
422 4004 601 4076 francfort),
625 4023 680 4079 que
694 4022 764 4060 nous
776 4017 935 4078 regrettom
947 4006 982 4062 de
1002 4005 1106 4061 u’aroir
1120 4020 1158 4075 pu

102 4092 238 4159 consulter,
259 4094 328 4148 mais
345 4093 415 4149 dont
432 4111 502 4149 nous
523 4105 684 4151 trouverous
696 4095 721 4150 le
734 4095 880 4152 substance
893 4096 962 4152 dans
975 4094 1109 4152 l’bietoire
1123 4090 1158 4144 dc

105 4180 163 4234 utut
175 4182 298 4246 Nicolas,
315 4203 363 4255 par
375 4184 401 4239 le
413 4186 479 4258 plre
493 4184 608 4240 Bratillo
621 4185 655 4240 da
668 4173 741 4240 Bari,
781 4192 792 4219 ·
