3046 5244
229 448 386 519 {ocantur
404 445 495 525 tout]
622 440 740 506 blBBh
760 442 900 507 NONUS.
1235 446 1292 509 tat

228 571 406 661 ascendit,
427 590 463 646 et
480 598 592 675 usque
612 576 649 647 in
669 600 814 649 murum
830 572 960 674 pedem
977 572 1141 650 tetendit.
1159 574 1298 649 hsoen-

227 690 362 764 dcrunt
379 709 460 790 post
473 716 557 765 cum
574 692 732 794 aliquot,
752 690 814 767 sod
831 718 907 768 non
924 693 1045 767 multi.
1067 693 1170 769 Scala
1182 694 1298 795 siqui·-

226 808 310 882 dem
324 812 505 884 confracta
521 811 685 884 dissiluit.
702 810 887 885 Gulierius
901 826 1023 886 tamen
1038 812 1196 886 viriliter
1211 836 1298 883 mu-

227 955 310 1000 rum
323 925 544 1019 defensabat,
562 943 600 1002 et
614 930 760 1030 paganis
775 930 988 1029 expugnatis
997 984 1007 1017 ,
1026 928 1141 1005 socios
1152 943 1245 1004 nutu
1262 918 1300 1001 et

226 1068 314 1115 voce
348 1042 582 1117 convocabat.
616 1045 770 1119 interim
801 1042 909 1117 ulrum
935 1044 1066 1118 scalam
1088 1045 1301 1119 festinanter

227 1175 441 1248 erexerunt,
464 1175 501 1232 et
514 1184 580 1259 per
594 1186 672 1233 cam
685 1159 820 1233 milites
836 1157 1044 1262 peditesque
1059 1175 1116 1235 tot
1130 1156 1302 1234 amarde-

228 1292 335 1361 runt,
354 1291 393 1346 ut
409 1302 555 1347 murum
580 1300 712 1376 magna
737 1300 781 1349 ex
804 1292 910 1376 parte
932 1290 1248 1377 praeoccuparent,
1265 1290 1303 1346 et

230 1392 324 1463 cives
340 1391 583 1492 expugnando
599 1393 805 1493 rejicerent.
821 1393 954 1492 Pagani
972 1408 1093 1467 umen
1112 1393 1197 1466 totis
1213 1391 1305 1465 nisi·
1367 1422 1375 1447 ·

232 1505 297 1577 hus
327 1507 621 1598 insurrexerunt,
646 1523 685 1581 et
706 1505 931 1582 Christianos
957 1507 1112 1609 aggressi
1138 1520 1241 1594 sunt,
1266 1519 1306 1578 et

233 1638 331 1695 tanta
351 1622 431 1695 illos
453 1624 589 1697 virtute
613 1623 829 1724 aliquotiens
853 1624 1106 1722 impetierunt,
1129 1638 1172 1695 ut
1192 1622 1304 1723 aliqui

232 1738 470 1828 Francorum,
485 1722 618 1813 timbre
627 1737 779 1828 subacti,
793 1762 933 1813 emam
945 1736 1207 1811 sedimiserint.
1218 1736 1307 1810 Plu-

232 1880 289 1926 res
307 1872 425 1927 tamen
444 1857 480 1928 in
496 1881 602 1929 muro
618 1867 891 1944 remanserunt,
910 1854 973 1955 qui
988 1852 1126 1927 tamdiu
1137 1855 1306 1955 frequen-

233 1988 284 2043 tes
299 1974 451 2071 impetus
468 1974 735 2065 toleraverunt,
750 1995 938 2073 quousque
950 1969 1146 2045 Christiani
1157 1994 1304 2044 murum

231 2089 478 2182 suliodissent,
496 2088 705 2190 aditumque
732 2064 983 2189 patefacerent.
1011 2086 1094 2181 Quo
1111 2086 1221 2160 Turoi
1238 2110 1306 2161 oo-

231 2208 353 2305 gnito,
374 2208 417 2280 ad
441 2207 730 2307 desperationem
753 2229 866 2308 usque
891 2206 1111 2293 timuerunt,
1135 2219 1173 2277 et
1190 2205 1227 2278 in
1245 2204 1306 2277 iu-

231 2348 314 2421 gam
332 2324 617 2399 irrevocabiliter
633 2324 848 2424 praecipitati
867 2340 965 2397 sunt.
985 2321 1068 2395 idus
1092 2323 1211 2423 itaque
1234 2320 1305 2396 de-

233 2437 401 2528 cembris,
417 2464 563 2539 vespere
574 2438 713 2513 sabbati
731 2441 808 2540 (ι),
824 2439 959 2529 Murra,
975 2438 1101 2512 civitas
1115 2436 1303 2537 opulenta,

232 2573 333 2653 capta
364 2573 428 2628 est.
453 2557 645 2632 Christiani
664 2556 795 2633 urbem
823 2557 1001 2632 devictam
1029 2557 1179 2658 ingressi
1199 2572 1302 2642 sunt,

232 2689 269 2745 et
288 2673 464 2776 quidquid
478 2703 646 2776 gazarum
662 2678 700 2750 in
718 2676 887 2751 domibus
899 2676 958 2751 rel
974 2676 1014 2749 in
1025 2674 1139 2749 loreis
1157 2674 1305 2747 invene·

234 2809 338 2881 runt,
357 2795 534 2892 rapaciter
547 2794 776 2869 abstulerunt
790 2794 1076 2892 (a).Ssrraoenis
1084 2789 1306 2893 perimendis

234 2922 311 2978 toto
328 2925 457 2980 conatu
475 2910 701 2998 institerunt,
722 2925 762 2983 ut
775 2909 836 2982 vix
851 2908 1010 3010 aliquem
1026 2909 1148 2980 vivere
1165 2907 1304 3006 permi-

232 3026 354 3103 serint.
368 3025 495 3096 Nullus
508 3027 542 3097 in
559 3042 631 3099 tota
643 3025 734 3100 urbe
750 3026 848 3101 locus
859 3025 1041 3101 vacabata
1057 3022 1303 3113 cadaveribus,

233 3166 371 3240 gressus
398 3168 542 3242 quoquc
568 3144 742 3215 viantium
773 3144 932 3242 graviter
952 3140 1234 3216 offendebantur
1258 3140 1305 3213 ab
1367 3194 1370 3199 -

233 3258 400 3330 extinctis
435 3276 471 3330 ct
508 3257 696 3332 condensis
726 3256 954 3357 corporibus.
997 3258 1108 3355 Capta
1138 3257 1302 3341 civitate,

234 3374 367 3446 rivium
394 3402 522 3474 magna
549 3401 650 3473 pars,
676 3400 758 3449 cum
783 3372 960 3447 uxoribus
975 3389 1012 3446 et
1039 3372 1140 3462 liliis,
1162 3373 1305 3472 suisque

233 3491 534 3588 supellectilibus,
557 3494 593 3564 in
609 3491 802 3591 palatium,
821 3488 920 3592 quod
933 3515 1040 3588 supra
1055 3502 1199 3588 portam
1211 3502 1303 3577 erat,

234 3610 423 3694 convenit,
439 3608 560 3700 ibique
573 3608 861 3683 Christianorum
876 3607 997 3681 marrui
1006 3604 1197 3707 subjacuit.
1211 3603 1307 3698 Quo·

234 3728 389 3799 romalii
405 3730 583 3828 perempti
600 3745 706 3818 sunt,
725 3728 786 3801 alii
799 3724 1013 3829 Bnopundo
1020 3724 1170 3826 jubente
1183 3725 1219 3798 in
1235 3722 1295 3797 hu

233 3925 520 3937 m*-

271 4038 279 4099 l
287 4055 309 4098 ι,
324 4038 397 4092 tisez
414 4062 417 4068 ·
435 4041 514 4091 tertio
528 4037 591 4091 icius
606 4037 772 4103 decernitis,
787 4038 813 4092 lu
826 4036 930 4093 antedi
947 4056 973 4091 tt
989 4032 1147 4091 decembre.

271 4129 308 4193 (a)
326 4129 379 4180 Len
385 4148 396 4178 ι·
410 4129 531 4199 capacite
542 4128 593 4183 alla
606 4130 696 4185 mirac
707 4128 851 4202 beaucoup
866 4126 928 4201 plats
939 4127 1011 4194 loin,
1026 4143 1134 4181 conrmc
1143 4141 1181 4178 on
1192 4122 1218 4177 le
1231 4138 1308 4185 terra

236 4219 304 4270 ‹ian›
319 4219 342 4268 lc
357 4220 529 4291 paragrapho
542 4222 659 4274 urit'aut.
