3046 5244
58 491 162 570 {toan
425 485 541 546 unm
563 485 766 546 summus.
1072 489 1132 548 ma

58 620 289 691 Ncrmannos
302 615 578 703 subsannantes,
600 615 789 690 immodice
804 615 1009 715 turgebant.
1029 618 1132 690 Unde

58 737 247 809 bellicosus
278 759 340 806 rex
364 733 584 806 Gnillermns
606 733 836 806 vehementer
866 734 989 821 iratus,
1020 752 1131 808 totam

59 855 302 928 vulcassinam
325 851 548 950 provinciam
570 851 780 925 calumniari
806 854 938 952 coepit,
962 854 1131 927 Pontisa-

61 973 147 1044 riam
166 973 220 1065 (ι)
243 985 278 1041 et
302 969 564 1041 calvimontem
590 969 644 1064 (2)
664 985 770 1069 atque
793 969 1003 1042 bladantum
1031 970 1130 1042 reddi

60 1087 124 1159 sibi
145 1115 162 1158 a
186 1085 353 1184 Philippo
370 1085 593 1158 Francorum
612 1110 697 1184 rege
715 1086 921 1185 requisivit,
941 1103 977 1158 et
996 1088 1061 1159 nisi
1075 1091 1133 1187 jus

60 1233 160 1279 suum
175 1204 241 1275 sibi
258 1201 441 1290 reddatur,
459 1202 630 1274 terribilis
647 1205 754 1275 minis
768 1204 804 1274 in
822 1202 940 1275 hostes
952 1204 1129 1277 evehitur.

61 1326 164 1398 Ratio
181 1323 370 1395 catumniae
389 1319 589 1420 hujusmodi
610 1338 675 1394 est.

106 1441 254 1540 [ιώ]
284 1440 360 1525 Rex
385 1439 584 1529 llenricus,
607 1437 759 1512 Roberti
787 1439 881 1538 regis
909 1439 1134 1513 Francorum

61 1560 163 1637 lilius,
173 1558 261 1629 dum
272 1573 518 1655 postmortem
532 1559 732 1656 patrisjure
741 1559 974 1657 primogeniti
984 1557 1133 1632 deberet

61 1677 219 1752 redimiri
238 1676 340 1775 regni
359 1674 527 1761 fascibus,
548 1674 640 1747 seda
656 1676 779 1774 regina
796 1677 1003 1748 Constantia
1019 1695 1134 1749 matre

61 1823 117 1869 sua
129 1795 309 1868 novercali
320 1795 405 1867 odio
415 1795 677 1893 insequeretur,
687 1795 790 1893 eique
801 1794 873 1891 ipsa
886 1795 921 1866 in
933 1796 1135 1892 regnoGal·

62 1914 180 1987 lorum
188 1935 402 2009 praeponere
410 1908 610 1983 Robcrtnm
617 1910 764 1981 fratrem
777 1935 894 1996 snum,
907 1909 1033 1982 ducem
1042 1912 1133 1983 Bur·

61 2028 302 2127 gundionum,
317 2045 524 2113 conaretur,
544 2028 712 2100 consultu
731 2026 904 2099 Amalrici
923 2030 1074 2100 senioris
1089 2028 1134 2100 de

62 2145 302 2217 Merite-Festi
318 2145 391 2242 (3),
408 2143 472 2215 filii
489 2143 671 2216 Gnillelmi
685 2144 901 2229 llanoensis,
918 2143 1133 2216 Fiseannum

62 2291 140 2336 cum
162 2290 213 2336 ,vu
236 2260 448 2335 satellitibus
468 2263 568 2333 venit
583 2263 657 2359 (4),
677 2278 713 2333 et
731 2261 931 2334 Robertum
949 2262 1133 2335 Norman·

62 2382 128 2453 niae
145 2379 272 2452 ducem
282 2433 292 2466 ,
315 2396 355 2450 ut
371 2376 437 2450 sibi
458 2395 619 2450 materna
636 2377 759 2451 fraude
776 2377 1031 2451 miserabiliter
1046 2405 1134 2452 exu-

62 2497 147 2569 lanti
174 2495 401 2583 subveniret,
431 2495 616 2569 humiliter
641 2496 803 2595 expetiit.
828 2496 942 2588 Quem
967 2499 1134 2595 praefatus

60 2612 154 2700 dux,
184 2631 309 2712 utpote
335 2614 536 2685 naturalem
561 2612 751 2685 dominum
782 2640 906 2701 suum,
934 2611 1134 2687 liberaliter

61 2733 232 2831 suscepit,
260 2748 296 2804 et
318 2757 438 2804 secum
455 2730 571 2805 donec
589 2730 766 2803 Paschalis
780 2733 951 2804 festivitas
968 2732 1134 2829 explere-

63 2867 132 2935 tur,
148 2865 334 2948 gratanter
345 2848 513 2921 detinuit.
529 2848 665 2920 Deinde
680 2849 978 2922 Normannorum
991 2850 1132 2949 agmina

63 2964 219 3066 undique
236 2967 462 3064 aggregavit,
483 2966 694 3036 acerrimam
713 2964 978 3063 expeditionem
999 2967 1035 3039 in
1053 2967 1136 3038 Gal·

64 3080 145 3151 liam
157 3081 259 3165 fecit,
276 3097 312 3151 et
326 3080 619 3153 Aurelianensem
637 3078 783 3167 urbem,
800 3080 1048 3154 Normannico
1062 3083 1134 3153 im-

64 3215 144 3292 petu
176 3200 294 3297 ignem
323 3200 538 3285 immittens,
568 3199 739 3271 incendit.
762 3201 908 3272 Damnis
930 3202 1048 3301 itaque
1075 3203 1134 3273 in-

65 3314 365 3412 comparabilibus
386 3316 667 3388 cervicositatem
692 3316 915 3388 Francorum
939 3320 1131 3416 compegit.

66 3430 197 3522 Qnibns
214 3433 398 3517 coercitis,
420 3432 601 3531 repulsum
621 3433 789 3506 clitonem
812 3459 925 3531 regno
945 3461 1009 3505 suo
1027 3438 1133 3507 resti-

99 3742 133 3807 ft)
152 3741 191 3795 Cr·
210 3751 270 3794 mot
287 3751 329 3794 est
346 3740 521 3795 visiblrment
539 3740 666 3814 fabrique
679 3739 787 3813 d'aprrs
802 3741 828 3796 le
847 3759 912 3794 nom
930 3741 1061 3814 franceis,
1080 3761 1135 3816 que

72 3840 141 3884 notre
153 3841 255 3883 auteur
268 3850 303 3884 ne
317 3832 378 3885 s‘est
391 3850 439 3904 pas
451 3831 545 3886 donne
558 3831 582 3886 la
599 3832 680 3905 [seiae
693 3831 727 3885 de
741 3832 930 3906 decomposcr.

99 3922 135 3985 fu}
148 3920 313 3975 Chaumont
326 3939 361 3974 en
376 3922 477 3976 lexin.

103 4006 136 4078 (5,
149 4013 282 4076 ,lmauri,
296 4010 442 4066 deuxieme
455 4011 492 4065 dn
509 4031 590 4078 nom,
610 4014 739 4086 seigneur
755 4013 790 4068 de
807 4014 1090 4070 blontlort-l'slmanri
1107 4023 1133 4065 ct

78 4094 236 4170 tl'llpernon,
253 4101 289 4153 dn
304 4102 371 4154 chel
381 4101 416 4156 de
429 4120 456 4155 sa
469 4104 552 4157 mere.

106 4192 138 4257 ll}
150 4191 189 4245 Ce
201 4210 305 4263 voyage
317 4192 351 4245 de
363 4193 449 4247 llcnri
464 4194 496 4246 l‘r
508 4197 523 4246 t
535 4194 653 4267 Fecamp
665 4207 713 4250 eut
727 4195 781 4250 lien
794 4213 827 4248 au
840 4195 909 4248 nmis
920 4192 954 4247 dc
965 4210 1037 4247 mars
1055 4189 1134 4249 ιυόἰ.

82 4270 172 4347 liques
184 4280 312 4335 tombant
324 4293 396 4336 cette
410 4284 538 4338 annee-lt
552 4283 576 4338 le
591 4302 606 4337 a
619 4286 696 4340 avril.
