3046 5244
226 422 317 483 [essct
337 405 428 479 1090]
593 396 709 459 ttttsstt
729 396 917 459 OCTAVUS.
1229 394 1293 467 825

225 552 298 607 tam
316 532 551 606 rebellionem
570 531 606 603 in
628 555 789 602 stanuum
812 528 938 601 saltem
961 529 1116 627 spatium
1138 528 1290 607 distulit.

225 653 292 723 llic
309 651 346 722 in
364 648 486 722 multis
511 644 801 746 reprehensibilis
823 661 860 719 et
878 644 1018 719 infamis
1039 662 1133 731 erat,
1154 648 1296 723 multis·

224 794 296 869 que
318 767 491 839 vitiorum
514 763 673 863 pestibus
699 760 977 836 obsecundabat.
1002 764 1081 862 lpse
1098 764 1294 854 nimirum,

226 886 308 986 quia
323 882 429 981 pedes
443 880 597 953 habebat
607 880 803 969 deformes,
824 880 979 953 instituit
994 879 1061 953 sibi
1076 879 1153 955 lieri
1171 883 1299 983 longos

227 1019 264 1076 et
277 1003 313 1074 in
326 999 530 1072 summitate
543 998 763 1071 acutissimos
775 995 996 1087 subtolares3
1018 999 1065 1069 ita
1083 1015 1124 1071 ut
1138 1001 1300 1097 operiret

228 1117 352 1217 pedes,
371 1133 407 1188 et
428 1140 555 1187 eorum
572 1116 706 1187 celaret
723 1110 869 1202 tubera,
889 1138 972 1213 (pase
988 1113 1098 1213 vulgo
1120 1131 1298 1189 vocantur

229 1236 379 1309 uniones
401 1236 468 1331 (a).
496 1231 662 1305 lnsolitus
689 1228 772 1304 inde
795 1256 873 1303 mos
899 1230 938 1303 in
962 1230 1151 1305 occiduum
1171 1232 1300 1307 orbem

231 1353 423 1453 processit,
445 1349 653 1449 levibusque
674 1363 711 1421 et
728 1348 933 1422 novitatum
954 1348 1175 1423 amatoribus
1191 1350 1302 1425 vehe-

230 1486 373 1542 menter
389 1468 536 1566 placuit.
556 1463 662 1539 Unde
678 1480 838 1552 sutores,
858 1464 896 1536 in
914 1463 1183 1557 calceamentis3
1200 1467 1301 1567 quasi

231 1586 359 1661 caudas
373 1586 620 1683 scorpionum,
636 1610 723 1684 quas
735 1581 846 1682 vulgo
859 1583 1013 1684 pigacias
1029 1584 1234 1685 appellant,
1247 1586 1304 1660 la-

232 1705 333 1776 ciunt
348 1705 416 1801 (a),
433 1701 539 1800 idque
551 1724 664 1799 genum
672 1700 904 1773 calceamenti
914 1724 1007 1799 pene
1020 1703 1157 1792 cuncti,
1175 1701 1304 1777 divites

232 1836 267 1892 et
284 1820 401 1919 egeni,
423 1817 575 1891 nimium
592 1832 779 1915 expetunt.
796 1814 888 1888 Nam
906 1833 1008 1891 antea
1021 1820 1123 1891 omni
1141 1836 1305 1919 tempore

234 1933 378 2008 rotundi
394 1934 593 2006 subtolares
611 1930 654 2003 ad
675 1933 830 2004 sormam
853 1931 986 2030 pedum
1003 1932 1214 2032 agebantur,
1232 1936 1305 2008 eis-

232 2079 302 2152 quc
315 2052 446 2123 summi
460 2067 497 2122 et
509 2048 708 2122 mediocses
717 2104 728 2136 ,
744 2050 866 2121 clerici
885 2066 922 2121 et
938 2050 1039 2139 laici,
1057 2068 1305 2151 competenter

234 2167 443 2241 utebantur.
487 2164 535 2237 At
574 2163 684 2239 modo
718 2165 905 2238 saeculares
932 2168 1109 2265 perversis
1142 2168 1305 2242 moribus

233 2303 443 2384 competens
458 2309 574 2356 scema
598 2281 754 2381 superbe
779 2283 931 2381 cupiunt
948 2284 1020 2380 (3);
1038 2300 1076 2357 et
1097 2284 1194 2385 quod
1214 2286 1305 2361 olim

236 2403 464 2477 honorabiles
476 2402 545 2473 viri
559 2401 804 2499 turpissimum
814 2398 1085 2501 judicaverunt,
1103 2419 1141 2475 et
1153 2405 1306 2479 omnino

233 2523 332 2621 quasi
368 2537 502 2594 stercus
528 2519 794 2604 refutaverunt,
822 2514 892 2589 hoc
916 2515 1080 2591 moderni
1107 2521 1206 2620 quasi
1232 2521 1305 2594 mel

233 2639 337 2712 dulce
356 2639 555 2725 aestimant,
572 2653 608 2708 et
624 2635 743 2743 veluti.
754 2635 906 2733 speciale
927 2634 1034 2709 decus
1052 2637 1307 2737 amplectentes

235 2773 386 2858 punt.

284 2872 489 2947 Rodbertus
505 2868 649 2970 quidam
669 2868 804 2943 nebulo
822 2870 859 2941 iu
880 2870 980 2942 curia
998 2870 1080 2942 lluli
1102 2872 1197 2971 tegis
1214 2897 1304 2970 pro-

238 2994 323 3065 lixas
341 2991 493 3090 pigacias
520 2989 657 3087 primus
675 2990 788 3086 coepit
807 2987 957 3087 implere
979 2990 1136 3088 stuppis,
1158 3007 1195 3062 et
1219 2989 1306 3064 hinc

238 3109 319 3183 inde
348 3124 588 3205 contorquere
612 3105 724 3177 instar
747 3131 861 3178 cornu
889 3104 1022 3178 arietis.
1054 3104 1110 3177 Ob
1136 3105 1206 3180 boc
1233 3108 1307 3205 ipse

236 3224 441 3298 Cornardus
457 3223 729 3321 cognominatus
745 3237 811 3293 est.
830 3221 938 3320 Cujus
953 3222 1117 3295 frivolam
1130 3222 1308 3297 adinven-

240 3346 375 3418 tionem
399 3368 525 3441 magna
555 3367 636 3438 pars
660 3336 858 3428 nobilium,
878 3364 944 3411 ceu
968 3338 1150 3439 quoddam
1168 3340 1307 3441 insigne

239 3459 428 3559 probitatis
449 3475 484 3530 et
504 3457 649 3529 virtutis
666 3481 772 3555 opus,
789 3481 875 3529 mox
890 3473 1008 3529 secuta
1025 3475 1091 3530 est.
1105 3459 1210 3532 ‘l'unc
1226 3460 1309 3533 elle·

240 3577 364 3648 minati
389 3576 518 3674 passim
549 3574 584 3646 in
613 3568 703 3645 orbe
727 3571 1022 3659 dominabantur,
1047 3573 1309 3675 indisciplinate

274 3835 313 3902 (ι)
325 3836 378 3886 (les
389 3831 590 3885 ‹ncroissanccs
603 3826 761 3899 s'uppellcnt
776 3844 877 3881 encore
891 3847 925 3882 en
940 3829 1057 3903 frangeis
1069 3830 1119 3886 ‹les
1132 3850 1248 3905 ognons.

276 3923 315 3991 (a)
330 3922 406 3973 Tout
419 3920 444 3973 lc
457 3917 558 3972 monde
569 3916 619 3970 sait
628 3933 683 3989 que.
695 3925 768 3969 cette
779 3915 861 3970 ntode
872 3916 1001 3973 difforme
1011 3930 1040 3973 et
1053 3920 1172 3992 genantc
1183 3920 1232 3975 des
1244 3940 1309 3975 sou·

243 4010 305 4064 liers
318 4014 333 4064 a
347 4010 371 4063 la
386 4008 518 4063 l’oulaine
532 4026 547 4060 a
561 4007 632 4060 (lure
646 4006 713 4059 trois
726 4005 836 4073 stactes,
856 4017 884 4060 ct
898 4007 982 4081 qn'on
995 4010 1040 4080 n'y
1050 4028 1169 4081 renonqa
1183 4010 1312 4083 qn'apris

243 4099 342 4171 qu'cllc
353 4109 401 4152 eut
415 4100 459 4151 cte
472 4098 641 4150 sevirensent
654 4094 789 4168 prohibes
803 4114 854 4169 par
866 4095 907 4149 les
918 4098 974 4151 rois
988 4109 1016 4151 et
1030 4098 1131 4170 parles
1144 4118 1235 4171 papea

278 4186 316 4253 (3)
332 4189 490 4255 Arripiunt.
509 4185 559 4237 ns.
573 4183 608 4236 de
620 4183 645 4236 la
659 4186 735 4239 rcine
748 4183 784 4236 sle
795 4183 894 4239 Subdu.
