3046 5244
134 478 239 551 nou]
502 474 617 534 num
638 474 840 537 sisennus.
1145 508 1196 543 Η,

136 634 202 705 pro
235 609 421 680 insolentia
454 635 514 679 sua
549 609 707 680 retaxare
741 611 869 683 votuit.
904 612 1007 685 Unde
1040 618 1207 712 praetatus

135 724 310 796 Moritotii
328 748 446 795 comes
460 722 653 796 admodum
668 724 866 815 moeiebnt,
884 744 920 798 et.
936 754 1005 825 peo
1021 730 1130 802 tratre
1142 757 1207 806 suo

136 858 200 938 pet
223 865 261 911 se
284 855 320 910 et
347 865 412 936 per
437 840 570 913 amicos
593 868 674 913 suos
701 843 911 941 suppliciter
935 845 1204 944 interpellabat,

137 954 372 1055 precibusque
394 957 623 1054 languentem
639 956 822 1058 fatigabat.
885 948 889 957 ’

183 1074 347 1173 Cumque
360 1070 471 1146 'multi
491 1074 625 1147 obnixe
645 1102 712 1175 pro
730 1079 911 1176 Bajocensi
930 1080 1081 1176 presule
1099 1106 1207 1180 eoga-

137 1207 234 1275 rent,
261 1207 445 1263 tentorum
461 1192 721 1290 supplicatione
736 1193 901 1292 fatigatus
918 1220 980 1267 rex
999 1197 1049 1269 ait
1065 1227 1072 1267 :
1090 1198 1209 1271 Mirm·

137 1311 234 1406 qeend
256 1310 457 1409 prudenter
483 1338 554 1380 non
585 1312 775 1410 indagatis
809 1317 889 1410 quis
927 1316 984 1385 uel
1011 1315 1132 1413 qualis
1156 1333 1208 1388 est

140 1433 203 1512 uir,
223 1455 290 1526 pm
308 1455 379 1526 quo
398 1428 631 1528 supplicatis.
650 1420 784 1500 Nonne
795 1456 865 1529 pro
882 1430 952 1501 tcdi
969 1432 1047 1501 uiro
1063 1435 1202 1530 petitis,

137 1549 200 1642 qui
210 1550 292 1644 jam
311 1545 376 1616 diu
395 1563 619 1646 contemptor
635 1551 755 1617 extitit
773 1546 976 1645 religionis,
1000 1566 1035 1619 et
1052 1564 1207 1647 argutus

139 1666 302 1734 incentor
317 1659 491 1760 letbfferce
508 1662 725 1735 seditionis?
742 1663 875 1737 Nonne
892 1665 989 1738 bunc
999 1668 1084 1765 jum
1101 1692 1206 1739 coer-

138 1782 366 1877 cniquutuur
378 1781 488 1851 nnm's
502 1786 728 1880 episcopum,
743 1786 824 1879 qui,
845 1783 931 1853 dum
944 1782 1117 1855 debuerat
1130 1809 1208 1855 esse

132 1899 356 1992 justissirium
389 1915 506 1970 rector
536 1901 764 1996 Anglorum,
784 1898 918 1994 fuctus
952 1918 1004 1973 est
1026 1906 1206 1999 pessimus

137 2040 327 2114 oppressor
336 2015 568 2113 populorum,
587 2032 620 2086 et
634 2015 894 2088 monachilium
908 2018 1109 2091 destructor
1122 2022 1206 2091 Coe-

129 2131 354 2204 uehentum?
384 2133 607 2205 Seditionem
635 2133 848 2223 liberendO,
880 2136 976 2205 mele
986 2133 1141 2232 j'acitis,
1173 2154 1207 2208 et

132 2252 402 2351 nobismetipsis
423 2256 549 2346 ingens
570 2253 823 2322 detrimentum
844 2255 1019 2350 queritis.
1043 2254 1208 2325 Eviden-

140 2382 188 2437 ter
192 2384 295 2466 putet
305 2367 407 2465 quod
419 2366 758 2464 Ou'o,j'rntee·nie11s,
773 2368 856 2440 levis
868 2385 964 2439 estet
976 2368 1204 2457 ambitiosus,

138 2487 258 2553 cetenis
271 2483 446 2555 inherens
459 2483 662 2573 desideriis,
678 2500 712 2555 et
721 2486 903 2556 immensis
914 2484 1204 2573 crudelitatibus,

137 2615 168 2667 et
187 2627 373 2699 nunqnam
396 2602 595 2671 minabitur
611 2627 636 2673 a
655 2603 846 2673 lenocim't's
863 2617 897 2672 et
915 2604 1039 2673 noxiis
1057 2606 1203 2674 vanitu-

138 2718 242 2789 tibus.
264 2719 349 2790 Hoc
361 2726 552 2820 perspicue
568 2727 605 2790 iu
623 2720 789 2817 pluribus
804 2735 976 2819 expertus
990 2747 1083 2809 sum,
1101 2720 1207 2793 ideo-

138 2860 206 2930 que
220 2839 422 2905 constn'nci
438 2860 510 2905 non
524 2839 739 2923 antistitem,
758 2834 824 2906 sed
838 2853 1044 2929 (triennum.
1060 2835 1207 2934 Absque

139 2953 246 3022 dubio
267 2957 301 3022 si
321 2955 468 3023 eecueeit
478 3010 488 3040 ,
511 2972 622 3024 tutum
640 2959 820 3051 regionem
840 2953 1014 3039 ttn‘bnbit,
1035 2970 1068 3024 et
1085 2954 1206 3025 multis

140 3071 292 3141 nullibus
309 3073 503 3169 penn'cieni
519 3072 814 3141 submim'steubit.
839 3072 933 3141 lleec
948 3097 1020 3141 non
1038 3096 1090 3141 ex
1102 3070 1204 3158 odeo,

141 3206 176 3257 ut
192 3188 324 3273 bostis,
342 3185 506 3287 proterm-
525 3189 609 3276 sed,
631 3207 670 3259 ut
683 3206 794 3288 putee
803 3194 954 3285 petrice,
973 3187 1077 3287 plebi
1091 3186 1207 3260 cbn's-

142 3313 248 3378 tinne*
268 3307 455 3404 prouidus.
482 3308 526 3377 Si
552 3310 646 3377 enim
676 3323 775 3378 ceste
800 3323 834 3376 et
853 3306 1012 3377 modeste
1034 3331 1070 3376 se
1093 3304 1207 3377 babe-

141 3442 209 3512 ret,
232 3429 325 3497 sicut
346 3425 570 3497 sacerdotem
589 3443 622 3494 et
643 3425 712 3494 ltu·
733 3427 935 3494 ministrum
964 3421 1096 3522 ubique
1120 3449 1207 3494 cun-

142 3542 260 3625 decet‚
278 3544 472 3613 condimen
487 3544 619 3639 mcejoe,
637 3566 747 3640 quum
760 3546 898 3639 possim
915 3538 1060 3637 efferre,
1083 3540 1207 3612 ln’titiu

144 3661 284 3731 inesset.

189 3774 458 3874 spondentibus
474 3794 591 3848 etitem
607 3777 744 3848 cunctis
756 3775 1044 3848 emendationem
1058 3773 1208 3872 pontiti·

145 3895 209 3979 cis,
231 3922 293 3966 rex
316 3899 446 3967 iterum
464 3897 513 3966 ait
531 3926 538 3964 :
559 3897 680 3966 Velim
696 3896 828 3983 nolim,
851 3894 1044 3993 uesteufiet
1058 3894 1208 3992 petinet,

146 4018 228 4108 quia
248 4042 304 4083 me
322 4011 491 4112 dessuncto
509 4014 696 4086 ueiu’mens
711 4013 830 4086 nebim
844 4039 957 4085 rerum
964 4012 1034 4110 fiet
1048 4012 1208 4079 nuttnti0.

147 4132 279 4203 Invitus·
301 4133 461 4206 concede
484 4150 520 4203 ut
534 4130 657 4224 linter
675 4159 772 4205 meus
796 4131 841 4202 de
861 4155 1006 4202 carcere
1030 4126 1209 4198 liberetur.

150 4244 221 4316 Sed
249 4251 374 4319 scitote
407 4248 504 4346 quod
539 4248 661 4319 multis
686 4275 751 4348 per
783 4274 862 4317 eum
895 4244 990 4316 moes
1017 4267 1078 4312 seu
1100 4268 1213 4337 graue
