3016 5242
506 506 621 566 LlBER
642 506 799 567 SEXTUS.
1166 510 1184 568 5

120 653 276 710 ruerunt
295 638 330 709 in
349 638 451 710 coelis
467 639 484 734 l
490 643 535 732 ι).
555 636 719 709 Addebat
735 638 842 710 etiam
859 635 903 708 de
919 653 1042 711 sancto
1055 638 1186 712 athleta

120 755 331 840 Guillelmo,
346 755 407 854 qui
421 771 500 852 post
513 755 658 854 longam
669 755 833 826 militiam
844 752 1110 826 abrenuntiavit
1121 780 1186 828 sae-

47 880 50 886 '
121 869 1185 972 culo,etsubmonachiliregulagloriosemilitavitltomino.

120 988 246 1060 Multis
268 989 378 1088 igitur
400 988 545 1085 profuit'
558 989 631 1088 ejus
647 986 868 1076 exhortatio,
888 1013 979 1087 quos
1006 986 1050 1058 ad
1077 1003 1189 1059 tutam

119 1105 296 1204 regularis
312 1105 397 1177 vitae
414 1106 605 1178 stationem
620 1130 639 1177 e
658 1102 830 1177 mundiali
849 1100 1030 1202 protraxit
1046 1105 1187 1203 pelago.

170 1224 233 1295 ΙΙΙ.
260 1223 386 1310 Nunc,
412 1222 495 1322 qnia
520 1221 564 1294 de
584 1241 708 1296 sancto
726 1221 922 1294 Guillelmo
939 1218 1044 1292 nobis
1062 1218 1188 1293 incidit

119 1340 280 1427 mentio,
304 1338 394 1411 libet
414 1343 487 1439 ejus
503 1340 613 1411 vitam
632 1338 792 1412 breviter
810 1337 894 1410 hnic
907 1339 1068 1411 inserere
1078 1363 1189 1436 opus·

119 1457 216 1530 culo.
241 1456 336 1528 Novi
350 1454 446 1555 quod
465 1456 537 1554 ipsa
555 1481 639 1529 raro
654 1457 837 1529 invenitur
852 1455 888 1526 in
910 1452 976 1527 hac
988 1454 1186 1553 provincia,

120 1591 158 1647 et
185 1574 372 1649 nonnullis
399 1573 555 1672 placebit
583 1573 626 1646 de
656 1574 716 1646 tali
747 1573 828 1646 viro
860 1571 989 1646 relatio
1017 1569 1186 1645 veridica.

119 1692 221 1764 lianc
237 1691 373 1763 etenim
390 1689 587 1777 Antonius,
608 1688 884 1761 Guentoniensis
900 1686 1097 1762 monachus
1113 1688 1187 1784 (a),

120 1831 237 1906 nuper
250 1805 392 1896 detulit,
412 1822 448 1878 et
464 1803 568 1879 nobis
579 1831 656 1878 eam
668 1805 790 1879 videre
805 1804 1006 1878 sitientibus
1020 1803 1187 1878 ostendit.

119 1924 240 2024 Vulgo
255 1925 398 1998 canitur
412 1952 430 1996 a
439 1924 700 2024 joculatoribus
711 1923 756 1997 de
771 1925 835 1997 illo
848 1924 1024 1997 cantilena
1039 1925 1091 2020 (3)
1100 1954 1111 2013 ς
1130 1920 1190 1996 sed

156 2156 193 2228 (ι)
216 2156 294 2211 Nous
316 2166 492 2220 trouverons,
517 2155 585 2210 dans
606 2155 631 2209 le
649 2156 717 2211 line
738 2174 778 2221 nr,
793 2155 938 2209 l’occasion
957 2154 993 2209 de
1014 2154 1105 2226 parler
1126 2171 1190 2208 arec

120 2245 241 2320 quelque
255 2245 340 2299 detail
349 2244 398 2299 des
411 2245 479 2299 trois
495 2246 629 2318 premiers
640 2245 725 2299 saints
735 2246 784 2318 qui
800 2245 921 2317 ligarent
935 2245 979 2312 ici,
989 2255 1018 2299 et
1028 2246 1076 2317 qni
1089 2261 1190 2316 appar-

122 2336 250 2390 tiennent
262 2336 278 2388 t
291 2324 402 2407 l’Eglise
415 2334 546 2407 Grecque
560 2358 565 2387 :

159 2423 237 2480 saint
253 2423 393 2493 Maurice,
408 2423 475 2479 chel
484 2422 556 2479 de⁰la
569 2423 661 2497 legion
680 2422 840 2490 Thebaine,
861 2422 937 2477 subit
952 2421 978 2477 le
992 2432 1113 2495 martyre
1127 2438 1190 2475 avec

121 2531 165 2567 ses
183 2512 305 2580 soldats,
328 2531 362 2568 eu
384 2513 452 2581 286,
467 2532 530 2569 scus
543 2514 709 2581 Maximien‚
724 2512 792 2568 dans
804 2512 830 2567 le
844 2512 899 2567 lieu
916 2514 1030 2567 nomme
1047 2509 1190 2585 jusque-tt

122 2605 293 2676 Agaunum,
307 2613 337 2659 et
347 2603 525 2676 aujourd'hui
538 2604 757 2660 saint-Maurice
769 2622 804 2658 en
816 2603 910 2660 Valais
919 2604 969 2672 (aa
984 2600 1167 2673 septembre).

157 2693 237 2749 saint
249 2691 407 2762 Sebastien,
420 2697 550 2767 martyre
564 2694 669 2760 Rome,
681 2712 743 2748 vers
757 2692 809 2749 288
821 2694 874 2763 (ao
882 2692 991 2764 janvier
1000 2691 1020 2764 )

157 2783 236 2838 Saint
253 2783 405 2851 Euanthe,
429 2787 571 2856 martyre
593 2783 695 2849 Rome,
719 2801 783 2838 sous
798 2781 903 2837 Adrien
917 2781 970 2852 (rt
992 2779 1141 2835 novembre
1162 2787 1190 2833 et

121 2889 159 2927 ao
170 2872 357 2946 septembre).

157 2964 198 3036 (a)
221 2963 317 3018 Moiue
341 2963 376 3018 de
403 2965 591 3022 Winchester.
622 2965 669 3022 On
688 2968 740 3022 sait
763 2967 846 3040 qu'en
867 2964 1033 3038 Augleterre
1053 2962 1191 3036 plusieurs

121 3051 297 3109 cathedrales
315 3055 418 3110 etaient
441 3055 590 3110 desservies
606 3074 658 3129 par
678 3055 727 3110 des
745 3056 852 3110 moines
873 3054 908 3109 de
930 3052 1031 3108 l'ordre
1051 3051 1086 3106 de
1098 3050 1191 3105 Saint-

121 3143 233 3197 Benolt.
246 3143 300 3198 Ces
312 3143 497 3213 cathedrales,
513 3163 547 3198 au
561 3145 678 3200 nombre
691 3145 726 3200 de
738 3145 816 3212 huit,
831 3143 1040 3218 appartenaient
1053 3151 1146 3196 mutes
1156 3157 1192 3193 au

121 3243 227 3288 ressort
244 3232 279 3289 de
292 3232 481 3290 l'archeveche
497 3234 533 3291 de
544 3236 730 3307 Canterbury.
744 3235 973 3299 AWinchester,
988 3243 1069 3288 outre
1085 3231 1111 3286 le
1129 3248 1190 3284 mo-

120 3324 233 3378 nasttoe
253 3324 386 3397 primitis,
407 3325 456 3399 qui
476 3327 549 3379 avait
568 3326 626 3397 pris
648 3325 674 3379 le
695 3343 759 3380 uorn
775 3323 810 3379 de
830 3323 1062 3387 saint-swithini,
1083 3337 1192 3375 comme

119 3429 194 3466 noos
214 3431 318 3469 venons
340 3413 375 3469 de
397 3414 421 3469 le
443 3415 519 3482 dire,
541 3427 569 3470 et
582 3417 630 3490 qui
645 3416 747 3489 portait
760 3416 847 3480 aussi,
863 3431 972 3469 comme
988 3413 1012 3467 la
1032 3410 1190 3466 cathedrale

120 3502 298 3570 elle-meme,
311 3505 383 3562 celui
397 3505 619 3562 d’Old-Minster
631 3509 641 3576 (
651 3508 738 3562 Vetus
754 3494 975 3576 Monasterium)
992 3503 1011 3559 il
1025 3504 1111 3558 exista
1124 3500 1192 3555 dans

121 3592 149 3644 le
159 3593 303 3648 cimetiere
315 3594 350 3649 de
362 3604 434 3650 cette
446 3594 547 3668 eglise,
562 3595 661 3666 depuis
673 3595 796 3669 l'eveque
808 3582 963 3649 Ethelwold
979 3591 1109 3666 jusqn'en
1126 3608 1192 3644 sno

120 3683 131 3748 l
141 3683 249 3755 epoque
264 3685 304 3738 oh
318 3682 339 3737 il
352 3684 396 3739 tut
407 3685 543 3740 transfere
559 3685 700 3758 ailleurs)‚
715 3704 754 3740 uu
770 3696 850 3741 autre
862 3683 1069 3741 etaliissement
1083 3697 1193 3736 monas·

120 3772 202 3844 tique
210 3764 250 3826 du
261 3773 353 3828 meme
363 3774 463 3843 ordre,
477 3776 591 3849 appele:
604 3777 816 3832 Now-Minster
824 3775 947 3845 (Novum
960 3775 1190 3835 Monasterium),

120 3871 151 3913 et
167 3859 250 3916 dedie
269 3866 285 3916 h
304 3861 330 3916 la
350 3865 438 3920 sainte
456 3866 582 3931 Trinite,
599 3867 788 3922 Notre·Dame
805 3877 834 3922 et
847 3866 918 3920 saint
932 3865 1036 3918 Pierre.
1052 3863 1089 3916 Le
1100 3862 1192 3915 moino

121 3949 193 4004 dont
207 3949 225 4004 il
244 3952 324 4026 s’agit
343 3954 377 4008 ici
399 3955 514 4027 ponvait
526 3959 688 4028 appartenir
699 3958 854 4032 egalernent
867 3959 881 4010 l
895 3956 952 4010 l'un
966 3973 1001 4008 ou
1016 3957 1030 4007 'a
1047 3952 1144 4006 l'antre
1157 3950 1192 4005 de

121 4057 168 4094 ces
180 4040 408 4098 etahlissements.
858 4098 867 4116 ‚

157 4126 259 4199 (ὄβαν
269 4130 308 4186 les
318 4133 453 4188 chansons
462 4133 497 4188 de
508 4146 584 4208 geste
592 4135 627 4191 de
635 4136 798 4192 Guillanme
810 4155 846 4191 au
858 4134 1016 4192 court-Nes
1024 4130 1193 4202 (saintGuil·

124 4217 326 4293 laome),royes
335 4220 360 4277 la
368 4221 538 4296 description
547 4224 596 4281 des
603 4229 769 4283 manuscrits
777 4227 908 4301 Franqais
918 4223 954 4279 de
962 4222 986 4277 la
998 4220 1193 4295 Bibliotheque

123 4307 161 4362 du
176 4308 230 4365 lloi
249 4331 301 4384 par
318 4323 399 4370 notre
417 4325 510 4370 savam
522 4317 662 4384 cousrere,
679 4318 717 4371 tt.
729 4317 829 4374 Paulin
843 4316 921 4370 Paris
934 4316 972 4383 (t.
990 4314 1041 4381 tv,
1058 4333 1084 4386 p.
1104 4309 1153 4367 113
1164 4322 1191 4364 ct
