3046 5244
56 460 162 539 [ioooJ
429 456 547 519 tinen
565 458 753 523 ocrsvns.
1060 462 1124 523 asc

59 614 201 689 semper
215 588 328 663 fidelis
340 591 479 680 extitit,
497 607 534 664 et
553 593 781 692 inquantum
799 592 918 691 potuit
938 592 1129 669 truculen-

60 724 133 781 tam
151 706 474 782 recalcitrationem
491 707 673 799 dissuasit,
693 710 893 809 pertinaces
910 704 998 785 r'ero
1016 711 1131 785 inter-

58 824 168 914 dixit,
191 824 388 924 pontificali
402 827 485 926 jure
501 825 830 916 anathematizavit,
850 845 921 901 eta
941 824 1128 903 liminibus

58 957 191 1016 sanetae
210 942 336 1016 matris
351 942 521 1015 Ecclesiae
542 943 789 1044 sequestravit.
813 942 1044 1044 Quapropter
1066 967 1130 1017 re-

59 1057 226 1132 bellionis
250 1061 452 1132 incentores
472 1075 599 1133 contra
620 1084 704 1135 eum
725 1061 834 1134 nimis
858 1061 938 1133 irati
962 1075 1067 1151 sunt,
1094 1076 1132 1132 et

61 1174 200 1275 injuriis
221 1200 303 1248 eum
324 1177 462 1249 allicere
484 1175 698 1251 terribiliter
715 1178 924 1251 comminati
945 1192 1044 1251 sunt.
1062 1178 1130 1252 lu-

60 1308 157 1367 terea
171 1291 257 1365 dum
279 1320 343 1392 per
360 1291 545 1368 dioecesim
560 1320 661 1369 suam
678 1322 761 1370 cum
777 1294 918 1369 clericis
935 1296 1006 1368 suis
1025 1296 1131 1397 cqui-

60 1428 170 1498 taret,
191 1427 227 1484 et
241 1412 432 1510 episcopali
446 1434 550 1486 more
562 1412 720 1487 officium
730 1438 837 1489 suum
849 1412 1019 1486 sollerter
1032 1436 1132 1487 exer·

59 1544 177 1616 neret,
208 1528 326 1601 Helias
351 1526 396 1601 de
422 1527 564 1603 Flecbia
591 1554 675 1603 eum
703 1526 997 1628 comprehendit,
1026 1545 1064 1602 et
1093 1529 1130 1601 in

59 1668 201 1717 carcere
221 1643 337 1717 donec
362 1644 467 1744 Hugo
492 1645 529 1717 in
553 1643 644 1718 urbe
662 1642 928 1719 Cenomanniea
950 1659 1131 1743 susceptus

58 1761 196 1846 luisset,
215 1759 375 1832 vinctum
389 1759 580 1859 praesulem
595 1760 724 1833 tenuit.
743 1759 861 1835 Porro
881 1757 1025 1833 eeclesia
1042 1755 1131 1831 dicti

59 1875 240 1974 pontilicis
256 1902 328 1948 suae
343 1877 525 1951 alllictioui
543 1876 746 1968 condoluit,
763 1877 982 1978 Dominique
994 1891 1132 1950 satietas

60 1994 230 2093 imagines
249 2020 331 2066 cum
349 1994 534 2085 crucibus,
549 2011 586 2067 et
599 2010 806 2067 sanctarum
820 1995 951 2068 scrinia
963 1993 1132 2094 reliquia·

59 2133 143 2179 rum
162 2106 204 2180 ad
223 2123 355 2181 terram
374 2109 558 2209 deposuit,
581 2126 618 2182 et
638 2125 762 2208 portas
776 2107 1004 2182 basilicarum
1020 2108 1132 2207 spinis

60 2222 263 2314 obturavit,
279 2243 316 2299 et
332 2255 350 2299 a
369 2228 539 2327 clangore
555 2227 762 2326 signorum,
780 2224 987 2325 celebrique
1000 2239 1129 2314 canto,

60 2343 243 2444 solitisque
263 2344 478 2435 sollemniis,
503 2360 544 2416 nt
565 2342 671 2417 vidua
688 2368 870 2435 moerens,
889 2341 1057 2433 meavit,
1076 2340 1132 2415 la-

61 2462 261 2561 crymisque
278 2464 428 2535 vacavit.

109 2578 354 2669 Cenomanni,
371 2596 561 2680 postquam
575 2606 711 2655 novum
725 2579 896 2653 comitem
914 2603 1018 2651 suum
1035 2575 1133 2649 divi-

63 2698 121 2769 tiis
147 2715 183 2770 et
206 2725 310 2772 sensu
336 2726 377 2772 ac
406 2700 540 2773 virtute
576 2701 721 2799 inopem
753 2724 828 2772 esse
857 2711 1129 2798 cognoverunt,

63 2812 307 2911 imprudentes
318 2815 399 2888 lacti
414 2816 467 2887 sui
480 2816 718 2915 poenitentes,
733 2840 817 2889 eum
830 2814 922 2886 sicut
934 2811 1130 2886 Sicbimitae

63 2926 273 3002 ilbimelech
302 2934 358 3027 (t)
388 2930 642 3030 despicabilem
669 2947 706 3005 et
736 2956 884 3005 exosum
911 2928 1128 3002 habuerunt.

63 3046 275 3145 imprudens
295 3051 392 3122 enim
414 3066 449 3121 et
476 3051 623 3150 ignavus
645 3077 686 3123 ac
712 3047 811 3122 deses
831 3064 928 3138 erat,
953 3063 1132 3148 tacitaeque

62 3163 245 3263 dignitatis
262 3165 416 3239 habenas
433 3165 612 3240 moderari
633 3165 825 3240 nesciebat.
846 3166 912 3237 Hic
929 3164 1039 3237 liliam
1057 3162 1133 3236 Ro-

63 3278 152 3354 berti
169 3283 375 3381 Wiscanli(
401 3287 617 3386 )conjugem
629 3283 766 3371 habuit,
783 3283 841 3356 sed
855 3307 1038 3382 generosae
1050 3305 1135 3353 core

57 3399 149 3500 jugis
170 3404 502 3501 magnanimitatem
525 3400 581 3474 vir
606 3403 754 3504 ignavus
776 3404 871 3476 lerre
892 3426 966 3473 non
988 3398 1130 3488 valens,

64 3514 169 3611 ipsam
197 3516 409 3615 repudiarit.
439 3520 510 3591 Pro
535 3544 604 3619 qua
632 3544 672 3592 re
696 3518 789 3616 Papa
817 3514 987 3590 Urbanus
1013 3512 1132 3613 palam

63 3652 141 3702 eum
164 3636 501 3707 excommunicavit.
522 3634 653 3708 Omnes
674 3632 889 3731 Allobroges
911 3634 1025 3730 ipsum
1045 3655 1129 3703 exe-

65 3748 146 3817 uati
174 3765 276 3835 suot,
303 3765 339 3820 et
364 3751 508 3824 inventa
535 3753 719 3825 occasione
742 3747 922 3837 ferocibus
945 3746 1133 3845 Cisalpinis

66 3881 242 3937 extorrem
256 3868 539 3942 destinaverunt.
555 3870 691 3944 lnscius
704 3852 799 3942 intei·
815 3893 968 3969 gnaros,
986 3882 1023 3938 et
1040 3863 1134 3936 timi-

96 4155 132 4226 (ι)
151 4157 250 4219 laidis..
270 4178 303 4213 tx.

100 4244 134 4314 'al
145 4248 185 4303 Co
201 4251 321 4319 mariage
335 4254 407 4306 assit
421 4270 455 4306 eu
471 4251 525 4307 lieu
538 4272 571 4307 cn
591 4269 665 4326 1075-
