3046 5244
230 436 315 508 [ιον.
337 432 426 505 mos]
618 396 743 489 'ursus
764 430 901 489 ιιοιιιιε.
1235 428 1296 491 tos

232 576 386 632 tecosten
398 559 609 631 celebretur!
616 560 676 630 Ab
686 558 854 631 Adventu
863 560 1012 631 Domini
1019 558 1296 658 usqueadocta-
1309 596 1327 617 ν

231 704 294 747 uas
307 673 549 777 Epiphania,
566 692 600 747 et
616 702 641 746 a
658 674 940 777 Septuagesima
953 700 1069 775 usque
1081 673 1137 747 ael
1148 688 1297 746 octavas

233 794 412 881 Pascua»,
431 811 464 864 et
482 794 642 894 aprima
661 792 722 865 die
740 795 987 893 Rogatianum
1001 818 1115 891 usque
1131 792 1186 863 ad
1196 806 1297 863 octu-

232 939 294 981 oas
312 912 568 997 Pentecosten,
584 926 619 981 et
631 912 896 1010 omnitempore
910 937 935 984 a
950 908 1188 1009 quartaferia
1205 913 1298 981 occi-

230 1026 336 1097 dente
357 1027 432 1097 sole
460 1052 570 1123 usque
593 1027 647 1097 acl
666 1026 864 1098 secundam
874 1022 1019 1124 seriam
1040 1028 1175 1098 on'ente
1199 1024 1295 1116 sole,

232 1145 340 1212 trevia
351 1144 425 1213 Dei
430 1142 675 1215 custodiatur!
687 1142 761 1241 Qui
771 1145 981 1244 episcopum
992 1146 1137 1244 ceperit,
1148 1144 1297 1215 omnino

229 1256 339 1327 ecler
373 1256 571 1329 lutheotur!
604 1256 681 1355 Qui
708 1256 926 1346 monachos,
956 1256 1017 1329 uel
1039 1256 1210 1347 clericos,
1239 1260 1301 1331 uel

229 1375 526 1447 sanctinunu'ales
552 1392 585 1446 et
611 1401 734 1448 eorum
751 1376 900 1448 comites
921 1379 1072 1476 ceperit,
1095 1376 1159 1447 oel
1177 1401 1297 1475 eapo-

231 1490 390 1579 liaoerit‚
405 1492 605 1564 anatliema
624 1495 690 1563 sit!
712 1492 790 1591 Qui
804 1493 1054 1590 episcoporum
1072 1493 1298 1564 morientium

229 1608 677 1699 boruz,uelclericoru1u,
697 1610 908 1710 diripuerit,
928 1608 1126 1681 anathema
1138 1614 1202 1681 sit!
1222 1610 1301 1709 Qui

231 1754 346 1823 usque
371 1728 425 1797 at
439 1732 628 1826 septimam
643 1731 909 1824 generationem
926 1729 1241 1825 consanguinitati
1260 1754 1300 1799 se

230 1845 472 1944 copulauerit,
488 1844 686 1916 anatliema
698 1847 765 1916 sit!
779 1844 901 1917 Nemo
913 1848 952 1915 in
966 1848 1173 1946 episcopum
1186 1844 1298 1945 eliga-

231 1976 301 2046 tur,
318 1962 392 2030 nisi
403 1976 467 2029 aut
478 1959 678 2060 presiryter,
694 1976 761 2032 aut
772 1959 954 2032 diaconus
965 1960 982 2056 (
990 1962 1045 2057 t),
1065 1960 1300 2034 autsubclia-

230 2101 361 2162 conus,
392 2093 425 2146 et
460 2080 523 2149 cui
550 2078 713 2174 dignitas
751 2077 932 2149 natalium
956 2076 1190 2177 suffragetur,
1226 2083 1302 2151 nisi

228 2197 397 2264 maxima
411 2198 623 2267 necessitate
636 2213 669 2266 et
682 2195 832 2267 licentia
845 2197 980 2265 summi
986 2194 1193 2295 pontificis!
1205 2196 1301 2267 Filii

227 2309 535 2407 preslp'terorum,
552 2311 612 2381 vel
625 2309 930 2398 concubinarum,
947 2310 1001 2381 ad
1010 2310 1299 2409 presbyteratum

230 2452 302 2495 non
333 2426 590 2526 provehantur,
619 2429 693 2498 uisi
712 2429 821 2528 prius
858 2430 911 2498 uel
942 2426 1151 2527 religiosam
1180 2430 1298 2500 vitam

229 2547 455 2614 transierint!
477 2545 620 2643 Quinti
637 2545 852 2631 ecclesiam,
868 2544 928 2616 uel
939 2543 994 2615 ad
1007 2569 1149 2617 crucem
1165 2541 1297 2643 corffu-

226 2664 338 2757 gerit,
359 2670 392 2733 si
408 2689 489 2733 reus
506 2680 574 2752 est,
592 2662 683 2736 data
706 2666 923 2764 impunitate
939 2666 1025 2733 uita
1044 2662 1102 2735 uel
1115 2662 1298 2735 membro-

229 2801 323 2863 rum,
333 2805 349 2876 J
356 2780 488 2848 ustitia
501 2778 693 2866 reddemur,-
704 2783 736 2851 si
750 2781 937 2863 innocens,
951 2776 1136 2851 liberetur!
1154 2779 1297 2879 Corpus

231 2894 461 2966 Domirricum
488 2914 521 2966 et
544 2902 690 2992 sanguis
716 2898 935 2969 Dominicus
960 2896 1174 2993 singulatim
1190 2905 1296 2969 acci-

224 3015 377 3111 piatur!
398 3014 634 3112 lfnaquteque
647 3016 798 3087 ecclesia
815 3014 979 3086 decimas
993 3041 1080 3085 suas
1092 3013 1241 3101 lrabeat,
1263 3033 1297 3086 et

228 3133 352 3200 nonin
367 3131 517 3201 alterius
529 3131 691 3201 ecclesia
698 3133 783 3227 jus,
799 3129 959 3230 quolibet
970 3131 1099 3218 dante,
1116 3136 1295 3203 transeat!

229 3246 363 3317 Laicus·
383 3248 543 3318 decimas
556 3273 623 3316 uec
640 3246 779 3317 vendat
787 3301 798 3332 ,
819 3272 886 3317 nec
902 3248 1071 3317 retineat!
1089 3250 1166 3319 Pro
1179 3248 1297 3348 sepul·

227 3378 311 3430 tura
339 3381 560 3433 mmtuorum
583 3380 732 3460 pactum
752 3370 910 3463 pretium
928 3389 1001 3431 non
1021 3363 1209 3455 exigatur,
1230 3380 1295 3433 aut

226 3479 346 3551 detur!
356 3480 491 3551 Nullus
496 3483 705 3579 principum
716 3480 893 3552 laicorum
905 3477 1138 3578 capellanum
1150 3476 1293 3567 lrabeat,

227 3600 302 3667 nisi
314 3597 360 3668 ab
377 3603 542 3698 episeopo
558 3599 707 3669 datum!
726 3594 837 3695 Quod
845 3599 878 3667 si
894 3600 931 3665 in
946 3596 1072 3695 aliquo
1085 3595 1291 3695 offenderit,

226 3713 276 3783 ab
294 3718 466 3814 episcopo
485 3718 705 3812 corrigatur,
725 3732 759 3787 et
775 3712 1193 3812 altersubr·ogetur(1)!

236 3912 294 3919 ——
328 3914 344 3920 .—
368 3916 372 3920 .
391 3917 394 3920 .
489 3918 492 3922 .
525 3918 530 3923 .
596 3918 600 3922 .
626 3918 630 3923 .
676 3918 691 3923 -ι
753 3916 869 3923 -..un—¹
919 3916 930 3921 -
953 3916 973 3923 υ·
995 3917 1033 3923 --ι
1054 3915 1141 3923 ..ιι-ι.
1169 3916 1172 3921 ¹
1192 3914 1216 3920 -Ι
1247 3912 1291 3921 '—

262 4051 284 4081 ·ι
292 4050 301 4097 p
314 4032 452 4101 Gregoue
469 4033 522 4086 i'tl
537 4034 631 4087 ts'itait
643 4052 697 4107 quc
710 4033 803 4087 diacre
816 4032 909 4107 quand
925 4032 944 4085 il
959 4033 1001 4087 iot
1014 4032 1058 4087 eiu
1075 4053 1154 4107 palso.

263 4123 301 4187 (a)
318 4120 339 4173 11
353 4139 387 4172 ne.
401 4122 459 4174 saut
473 4142 520 4194 pas
532 4125 621 4177 croim
633 4142 687 4197 quo
702 4123 741 4177 les
755 4135 829 4177 actes
841 4121 879 4176 du
894 4123 1000 4177 concile
1015 4123 1051 4177 tio
1064 4124 1209 4179 clermont
1224 4122 1300 4175 aient

229 4211 275 4262 ite
284 4209 386 4263 bornio
399 4214 412 4261 ἱι
427 4230 457 4263 te
471 4214 539 4283 petit
550 4212 665 4267 nombre
674 4212 710 4267 de
722 4230 838 4279 caunum
849 4212 867 4265 it
879 4212 967 4283 partit
975 4212 1057 4284 qtt'iis
1072 4212 1175 4266 «Staieni
1188 4229 1223 4265 au
1233 4232 1300 4265 coo·

310 4324 364 4367 ιιι.
1107 4304 1153 4375 30
