3046 5244
240 449 258 504 2
515 443 698 503 ttts'totttt
724 445 1025 506 eructuantes.

237 578 355 676 operis
372 577 499 649 llorem
516 577 744 677 fructumque
763 576 895 651 obnixa
908 594 1090 677 expeteret
1102 580 1298 663 voluntate,

235 710 270 764 ct
293 692 462 765 ardenter
488 708 776 789 perscrutaretur
804 692 922 766 sedula
951 696 1228 792 perspicacitate.
1260 699 1299 767 ln

233 813 433 909 priscorum
453 807 635 909 questibus
654 809 730 881 haec
749 810 960 910 plerumque
976 811 1141 908 legimus,
1162 829 1198 883 et
1214 814 1300 884 insi-

233 949 321 1024 gues
335 922 545 1011 didascalos,
562 922 606 994 de
619 948 768 996 suorum
781 923 1070 996 insultationibus
1082 925 1298 997 oemulorum

233 1041 453 1142 plangentes,
470 1041 673 1140 plangimus
688 1042 757 1138 (a).
775 1040 1033 1138 Hieronymum
1043 1059 1078 1115 et
1088 1042 1296 1140 Origenem,

231 1159 390 1260 aliosque
415 1158 582 1232 doctores
604 1157 647 1230 de
672 1154 957 1231 cavillationibus
980 1158 1243 1232 oblatratorum
1262 1162 1298 1231 iu

231 1275 505 1376 allegationibus
518 1275 589 1347 suis
607 1293 820 1376 conquestos
838 1279 1035 1364 cernimus,
1054 1295 1090 1349 et
1107 1280 1299 1350 contrista-

232 1421 316 1467 mur
336 1393 434 1495 quod
453 1394 518 1466 hac
540 1392 585 1465 de
609 1419 709 1465 causa
731 1395 861 1466 nostris
879 1395 989 1466 multa
1014 1396 1190 1493 praecipua
1208 1394 1297 1466 sub-

233 1528 344 1584 tracta
361 1529 443 1584 sunt
460 1510 664 1600 obtutibus,
680 1510 767 1582 dum
781 1510 918 1585 dicaces
933 1514 1099 1611 sophistae
1118 1513 1294 1584 malebant

233 1630 269 1700 in
285 1627 362 1701 otio
381 1629 581 1729 quiescere,
601 1655 708 1727 quam
722 1626 841 1699 abdita
856 1628 987 1700 diserte
1009 1629 1223 1727 proferendo
1241 1631 1296 1701 la-

230 1742 380 1832 borare,
400 1762 435 1817 et
459 1743 639 1816 maledicis
662 1742 933 1818 corrodentium
953 1745 1140 1818 latratibus
1158 1763 1294 1844 patere.

231 1862 480 1936 conticescant
493 1859 644 1935 obsecro
657 1878 691 1933 et
711 1864 912 1962 quiescant,
929 1864 990 1964 qui
1007 1889 1072 1937 nec
1089 1890 1148 1937 sua
1162 1862 1294 1951 edunt,

231 2005 296 2053 nec
306 1978 419 2052 aliena
433 1978 589 2079 benigne
599 1979 809 2078 suscipiunt,
825 2007 903 2068 nec,
916 1981 945 2054 si
959 1979 1104 2082 qnideis
1114 1978 1294 2080 displicet,

230 2093 375 2195 pacifice
387 2096 589 2194 corrigunt.
606 2094 751 2166 Discant
768 2121 807 2166 ea
825 2122 906 2195 quae
923 2095 1087 2168 nesciunt
1094 2125 1105 2183 ;
1121 2111 1175 2183 et,
1192 2096 1219 2167 si
1235 2095 1295 2167 di-

227 2236 325 2285 scere
340 2226 536 2312 noqueunt,
552 2211 735 2311 patiantur
747 2212 870 2283 saltem
887 2210 1129 2309 symmathites
1141 2212 1195 2309 (a)
1214 2238 1296 2285 suos

228 2327 334 2401 edere
349 2355 432 2429 quoe
449 2327 626 2401 sentiunt!

275 2446 327 2517 De
352 2446 509 2518 humano
525 2461 620 2516 statu
636 2445 826 2545 lapsuque,
849 2443 894 2517 de
913 2444 1064 2517 labentis
1079 2446 1198 2518 saeculi
1223 2472 1294 2517 ro-

229 2559 424 2642 lubilitate,
443 2575 480 2632 et
497 2559 752 2658 praelatorum,
783 2559 1060 2663 principumque
1088 2578 1296 2634 nostrorum

227 2674 482 2764 vicissitudine,
494 2673 538 2749 de
552 2702 637 2777 pace
648 2702 710 2750 scu
722 2677 832 2766 bello,
846 2695 882 2751 et
894 2678 1130 2768 multimodis,
1143 2680 1204 2780 qui
1220 2705 1295 2753 non

224 2794 408 2882 deficiunt,
422 2791 561 2867 casibus
570 2796 846 2894 terrigenarum,
861 2794 1167 2868 cuilibetdictauti
1179 2793 1297 2868 thema

227 2909 406 2987 scribendi
422 2928 475 2985 cst
486 2914 683 3011 copiosum.
698 2912 750 2984 De
762 2912 943 2985 miraculis
956 2939 1043 2987 vcro
1054 2910 1300 3013 prodigiisque

226 3032 460 3118 Sanctorum,
480 3029 562 3131 qnia
579 3031 687 3102 nimia
705 3057 801 3102 truuc
820 3032 855 3102 iu
874 3031 978 3103 terris
996 3047 1049 3102 cst
1066 3030 1215 3130 penuria
1231 3054 1297 3101 eo-

229 3176 330 3237 rum,
348 3146 455 3223 modo
467 3145 704 3247 scriptoribus
720 3149 755 3220 in
771 3146 960 3219 referendo
977 3175 1049 3219 nou
1064 3163 1117 3219 est
1132 3144 1298 3219 insudan-

227 3266 327 3338 dum.
346 3265 495 3366 Antiqui
510 3265 608 3336 enim
627 3281 743 3362 patres
758 3295 766 3335 :
781 3263 954 3337 Martialis
967 3280 1003 3335 et
1016 3263 1208 3350 Taurinos,
1224 3262 1299 3334 sit-

226 3398 355 3468 rester,
381 3381 560 3453 Martinus
579 3395 616 3451 ct
635 3377 819 3467 Nicolaus,
844 3380 976 3480 aliique
998 3377 1181 3451 mirabiles
1201 3377 1294 3461 viri,

226 3525 382 3600 quorum
402 3499 534 3599 linquae
544 3497 659 3570 clares
672 3496 866 3570 coelit'actae
880 3512 983 3584 sunt,
999 3496 1060 3594 qui
1074 3495 1204 3567 ‹lii-inis
1217 3491 1299 3566 clia·

228 3615 433 3688 rismstibns
448 3615 566 3714 pleni,
589 3630 628 3684 ut
643 3612 802 3687 Pltoebus
821 3615 856 3686 iu
871 3612 1027 3687 Ecclesia
1045 3613 1242 3696 t‘ulscrunt,
1261 3628 1297 3681 et

224 3734 411 3808 elementis
424 3731 549 3806 muudi
564 3734 746 3831 aereisque
762 3728 997 3831 potestatibus
1017 3733 1052 3803 in
1068 3730 1201 3802 virtute
1211 3755 1297 3800 om·

261 3960 300 4027 (s)
318 3959 353 4012 la·
367 3957 449 4012 serbe
463 3960 599 4029 plangere
618 3968 659 4011 cst
675 3955 801 4029 ι·ιιψΙο)ι’Ι
817 3958 850 4009 iri
868 3955 937 4010 «lans
953 3956 1025 4010 «leus
1043 3967 1200 4028 arrcptrous
1212 3952 1297 4009 ‹titte-

228 4060 336 4103 natue
351 4048 477 4120 plsiudre
488 4059 516 4101 ct
530 4066 558 4099 ss
571 4046 705 4119 plsiodce.

261 4144 298 4205 lu,
314 4149 486 4205 saputem:
501 4139 679 4212 condisciplt·.
704 4140 739 4193 lae
759 4152 910 4192 uiastnscnt
928 4140 963 4192 dr
980 4138 1195 4194 Suasit-lirtnult
1216 4145 1299 4209 mrte-

230 4232 378 4281 n'nmutrtri
411 4230 434 4282 lc
449 4240 521 4283 tctte
533 4231 663 4303 imprium·
678 4253 681 4281 :
699 4250 723 4289 ss
733 4240 871 4281 mmntotn
