3046 5244
481 480 595 545 tunna
616 482 773 547 SEXTUS.
1125 489 1162 545 15

104 618 222 692 uoltis
239 616 389 716 opibus,
413 633 574 716 tempore
589 616 772 690 Guillelmi
786 616 941 715 junioris
959 616 1162 717 Anglorum

104 736 204 835 regis,
218 734 355 806 allatim
366 735 610 833 locupletavit.
624 733 801 808 Geroldus
813 737 866 831 (ι)
876 751 993 806 autem
1005 736 1163 808 officium

103 869 229 926 sanctae
259 851 545 951 praedicationis,
581 852 678 953 quod
705 853 740 925 in
775 853 943 924 clericatu
979 867 1164 950 gratanter

103 985 307 1042 exercuerat
324 972 415 1069 (quo
432 969 553 1067 plures
566 968 610 1041 de
621 994 730 1042 coeno
742 967 902 1042 libidinis
913 985 949 1042 et
962 970 1164 1067 rapacitatis

103 1085 140 1156 ad
157 1087 354 1184 puritatem
370 1085 573 1157 innocentis
584 1085 668 1157 vitae
681 1088 941 1184 pertraxerat),
958 1086 994 1157 in
1009 1100 1165 1183 pastora-

104 1203 142 1274 lis
157 1199 318 1275 culmine
337 1202 522 1301 regiminis
543 1203 697 1300 positus,
716 1203 910 1301 vigilanter
933 1202 1109 1293 excoluit,
1129 1218 1167 1274 et

104 1317 265 1417 pluribus
278 1319 478 1416 opitulante
490 1321 567 1393 Deo
583 1320 730 1418 proluit.
747 1321 892 1394 Novum
907 1321 1165 1395 monasterinm

103 1434 274 1532 regularis
299 1432 437 1507 ordinis
464 1433 708 1507 sanctionibus
738 1437 912 1523 instituit,
943 1437 1164 1508 novitiorum

102 1551 238 1649 sopiam
255 1549 452 1624 monachili
475 1575 614 1624 normae
640 1554 878 1651 manciparit,
907 1552 1165 1652 neophytisque

103 1668 257 1765 optimos
273 1668 364 1741 ritus
376 1667 503 1767 rigidoe
517 1671 798 1743 conversationis
813 1669 975 1743 tradidit.
992 1669 1049 1741 Ad
1064 1694 1164 1742 exer-

102 1785 222 1856 citium
237 1786 423 1882 spirituale
442 1812 523 1859 cnm
537 1786 703 1887 subjectis
717 1785 987 1874 commanebat,
1005 1786 1047 1859 ad
1067 1786 1164 1858 labo·

104 1903 191 1974 riusa
203 1903 312 1974 etiam
321 1905 482 2002 juniores
503 1903 683 1975 interdum
699 1904 870 2002 praeibat,
887 1905 1081 2004 solertique
1094 1914 1166 1976 stn-

102 2016 159 2091 dio
169 2022 381 2093 monasterii
392 2044 448 2093 res
464 2021 560 2093 intus
569 2037 605 2093 et
616 2038 714 2093 extra
726 2019 924 2120 prudenter
937 2019 1161 2119 disponebat.

102 2135 185 2207 Post
196 2137 319 2233 plures
335 2162 449 2210 annos
466 2137 607 2209 invidus
632 2139 739 2209 Satan
765 2139 801 2209 in
818 2138 1048 2210 Dominicum
1076 2163 1163 2235 gre·

106 2277 186 2349 g·
204 2254 375 2341 sanarit,
388 2270 424 2325 et
437 2255 597 2352 opilione
612 2256 780 2354 nequiter
794 2253 1008 2352 perturbato
1025 2270 1164 2325 teneras

105 2390 189 2441 ores
209 2371 384 2444 atrociter
407 2373 561 2444 vexavit.
587 2370 794 2444 Rodbertus
820 2371 917 2442 enim
937 2370 1059 2457 Brito,
1085 2384 1167 2469 post

104 2504 259 2561 mortem
271 2484 445 2562 liodberti
459 2489 523 2591 filii
536 2490 735 2577 llaimonis,
746 2487 912 2562 abbatem
925 2514 1028 2560 suum
1044 2491 1077 2584 (a
1092 2512 1166 2587 quo

105 2621 284 2705 wsoeptns
299 2606 415 2679 luerat
430 2605 473 2678 ad
489 2605 760 2701 monachatum)
775 2604 820 2679 de
840 2604 1052 2705 quibusdam
1072 2603 1167 2678 salsis

103 2911 167 2965 dont
179 2910 263 2965 l’aiue
275 2909 316 2964 lot
332 2920 412 2964 notre
422 2908 528 2964 Robert
544 2910 744 2977 Flu—Hemon,
759 2922 786 2964 rt
800 2910 825 2964 le
837 2910 938 2965 second
953 2909 1093 2984 s‘appelait
1108 2912 1165 2965 lla·

106 3019 178 3060 mon.
192 3018 301 3055 comme
313 3019 363 3055 son
377 3001 443 3074 pere
455 3011 484 3054 et
497 3018 546 3054 son
559 3000 640 3054 aiunl.

135 3088 243 3142 liobert
255 3088 441 3144 Fata-llamon
454 3096 569 3143 mourut
582 3089 638 3143 lort
646 3089 748 3160 jeuue,
763 3107 798 3143 en
811 3106 884 3142 mars
901 3106 976 3161 1107,
989 3090 1068 3162 apres
1078 3089 1163 3153 avoir,

104 3196 148 3248 par
162 3179 236 3232 suite
249 3177 332 3233 d‘une
341 3178 464 3234 blessure
476 3195 559 3251 mene
572 3197 606 3232 au
621 3179 696 3251 sie'ge
707 3178 743 3233 de
754 3176 872 3243 Falaise,
886 3177 975 3250 perdu
984 3176 1083 3250 depuis
1093 3175 1165 3232 deux

105 3284 148 3319 aas
159 3266 264 3341 l'nsage
280 3265 315 3321 de
327 3286 369 3321 aes
382 3266 496 3321 lacultes
509 3265 727 3321 intellectuelles.
741 3266 775 3321 Sa
789 3283 888 3333 reove,
907 3263 1011 3335 Sibylle
1022 3264 1057 3319 de
1072 3265 1165 3319 Mont-

107 3359 255 3425 gommeri,
276 3374 304 3411 ae
321 3357 467 3412 remaria'a
485 3376 523 3411 un
540 3357 671 3426 seigneur
684 3354 723 3409 du
743 3373 808 3411 nom
828 3355 863 3409 de
879 3355 996 3420 Ramea,
1019 3354 1165 3426 probable-

107 3458 179 3501 ment
194 3447 355 3503 Guillaume
372 3446 408 3502 de
427 3446 543 3513 flames,
565 3447 613 3520 qni
634 3456 749 3502 mourut
761 3466 796 3501 en
814 3443 876 3502 1131
892 3445 1004 3501 laissant
1016 3444 1087 3499 deux
1102 3445 1163 3500 fils:

108 3531 209 3589 Robur
220 3545 249 3590 et
258 3535 359 3607 lloger.
375 3537 471 3605 Qnaut
483 3540 498 3589 t
511 3535 579 3599 elle,
593 3552 629 3589 on
641 3535 667 3590 la
679 3536 735 3590 voit
748 3551 849 3589 encore
861 3534 965 3606 ligatur
976 3533 1046 3587 dans
1058 3548 1096 3587 nn
1107 3543 1167 3588 acte

108 3624 140 3677 de
154 3630 228 3689 arlo.

142 3716 179 3770 ll.
197 3714 339 3787 Stapleton
358 3734 442 3789 pense
457 3736 512 3790 que
526 3715 551 3770 la
572 3716 673 3770 lamille
691 3717 727 3770 de
744 3713 844 3769 llamrs
857 3716 924 3770 c'tait
937 3714 1087 3785 originaire
1099 3713 1166 3767 d'uu

110 3804 220 3858 tbltean
231 3804 269 3858 de
280 3824 312 3859 oe
322 3824 400 3875 nom,
413 3808 484 3862 sitne
496 3824 545 3860 sur
555 3805 582 3860 le
593 3808 733 3861 territoire
744 3805 779 3860 de
791 3804 1002 3861 Gommerville.

141 3896 180 3963 (ι)
200 3895 224 3948 ll
243 3894 343 3967 parait,
364 3896 471 3971 d'apres
490 3897 516 3951 la
537 3897 692 3970 chronique
709 3896 745 3950 de
764 3895 966 3966 Tewkesbnry‚
988 3912 1042 3967 que
1060 3892 1166 3950 Gerold

112 3983 224 4054 lqa’elle
243 3985 348 4056 appelle
367 3986 498 4058 Giralde)
519 4004 677 4060 commenda
698 4005 748 4060 par
770 3988 830 4040 dtre
847 3986 918 4040 abbe'
935 3986 970 4038 de
989 3984 1166 4048 Craneborn,

113 4084 188 4126 avaut
206 4091 262 4145 que
283 4074 309 4128 la
327 4078 526 4146 permutatiou,
539 4077 610 4132 dont
625 4095 695 4132 nous
707 4095 810 4132 venons
822 4077 857 4131 du
874 4075 974 4149 parler,
991 4094 1018 4127 se
1031 4075 1073 4129 stn
1086 4071 1167 4128 ellec-

115 4169 185 4213 tuee.
208 4161 233 4214 ll
254 4162 296 4216 lut
313 4162 410 4218 donea
428 4146 522 4220 la⁸lois
543 4165 569 4220 le
585 4168 705 4238 premier
718 4167 788 4220 abbe
801 4166 837 4220 du
854 4182 978 4221 nouaean
997 4165 1168 4230 monastero,

115 4265 220 4301 comme
233 4248 258 4300 le
271 4249 314 4304 dit
327 4264 402 4307 notre
414 4267 522 4322 auteur,
536 4269 564 4311 et
576 4255 601 4310 le
613 4256 725 4311 dernier
738 4256 772 4309 dc
786 4257 901 4310 l'ancicn
