3046 5244
226 447 267 504 62
501 448 681 508 HISTORIA
703 448 1006 512 Eccttstssttcs.

229 575 463 662 habebantur,
481 577 526 650 ab
542 581 736 668 extraneis,
749 585 810 680 qui
833 608 932 654 causa
951 582 1070 653 salutis
1087 582 1173 655 illuc
1189 608 1284 656 eorr-

229 691 402 779 lluebaut,
433 695 747 769 conculcabantur.
770 696 829 768 Ab
845 695 968 769 eodem
994 713 1153 796 tempore
1171 700 1283 770 mira·

227 811 305 883 cula
317 812 507 883 sanitatum
523 811 653 885 ibidem
670 813 746 885 fieri
764 831 1003 902 cessaverunt,
1017 813 1175 914 quandiu
1189 842 1285 913 prae·

225 930 315 1000 satus
325 930 557 1028 Beterrgarius
568 947 604 1003 et
615 930 760 1003 heredes
771 932 799 1030 ej
806 959 844 1002 us
855 933 1011 1003 leterius
1025 949 1061 1004 et
1073 931 1285 1005 Guillelmus

226 1063 332 1147 atque
344 1047 531 1119 Gervasius
548 1047 721 1145 praedium
737 1047 824 1119 illnd
842 1048 1085 1147 possederunt.

278 1163 493 1263 [Ἕω-596]
510 1193 529 1231 n
541 1163 698 1262 Eragatu
712 1164 850 1264 (itaque
863 1191 881 1236 a
896 1165 932 1235 S.
949 1163 1116 1261 Ebrullo)
1129 1168 1182 1263 (tl
1196 1190 1285 1265 pane

228 1285 393 1383 pauperi,
412 1311 493 1357 ecce
516 1300 598 1357 ante
620 1285 711 1357 Solis
731 1312 891 1358 occasum
913 1287 1057 1386 quidam
1080 1287 1287 1360 clitellarius

226 1403 374 1474 astitisse
388 1428 454 1499 pro
466 1401 603 1474 loribus
614 1403 752 1475 cellulae
765 1405 858 1474 visus
871 1421 936 1490 est,
951 1431 1041 1502 pane
1050 1407 1183 1479 etrino
1194 1405 1288 1478 sulli-

226 1520 362 1592 cienter
373 1536 531 1592 onustus.
549 1520 616 1612 Qui
631 1547 716 1593 sero
727 1546 808 1592 eum
821 1519 1027 1610 adduxerat,
1042 1522 1162 1596 dicens
1172 1548 1210 1596 se
1221 1526 1288 1595 lm·

229 1654 432 1710 neratorem
444 1639 500 1735 (a)
518 1663 608 1720 esse,
627 1638 830 1709 ministrum
845 1637 1040 1711 advocavit.
1061 1640 1124 1711 Cui
1143 1639 1288 1713 tradens

228 1783 309 1855 quae
322 1755 510 1840 delulerat,
526 1756 574 1826 ait
588 1787 596 1826 :
612 1755 859 1852 l‘adrsrater,
874 1775 907 1827 et
919 1755 970 1828 du
983 1775 1045 1828 tun
1057 1758 1195 1830 alberti.
1208 1759 1287 1849 Quo

226 1870 337 1953 dicto,
355 1871 452 1942 velut
467 1872 534 1942 iter
546 1871 758 1957 accelerans,
777 1897 908 1971 alitum
920 1871 1078 1944 aseendit
1093 1889 1129 1944 et
1141 1873 1287 1946 festinas

226 1987 400 2061 abscessit.
418 1988 578 2087 Cumque
594 2005 695 2085 pater
712 2013 900 2086 personam
919 1987 1052 2060 datoris
1066 1991 1285 2090 requireret,

227 2131 436 2203 responsum
460 2122 511 2177 est
530 2107 560 2176 ei
579 2123 710 2205 quanta
736 2106 916 2178 eeleritate
932 2105 1153 2180 discessisset.
1173 2108 1287 2180 lutel-

229 2224 313 2296 lexit
336 2250 423 2322 ergo
438 2221 513 2294 haec
533 2221 598 2294 sibi
624 2251 641 2293 a
664 2224 738 2295 Deo
751 2222 864 2295 delata
879 2224 1001 2309 luisse,
1021 2240 1056 2295 et
1072 2225 1288 2296 exhilaratus

226 2342 353 2440 spiritu
361 2398 372 2430 ,
394 2342 525 2439 gratias
541 2343 614 2439 egit
630 2342 751 2438 pietati
772 2342 845 2439 ejus
864 2341 1063 2428 immensae,
1083 2342 1143 2440 qui
1160 2340 1288 2412 multi-

227 2461 335 2558 plicat
352 2457 632 2530 misericordiam
653 2486 750 2530 suam
772 2458 980 2549 serviamus,
996 2476 1031 2530 et
1052 2458 1169 2531 reddit
1182 2461 1287 2558 plura

228 2603 295 2674 pro
320 2575 452 2673 paneis.
493 2572 550 2644 ab
580 2574 643 2645 illo
669 2600 754 2645 rero
779 2572 837 2645 die
868 2600 1052 2675 nunquam
1076 2574 1186 2648 deluit
1220 2577 1289 2649 illis

226 2689 323 2790 (pund
341 2691 452 2788 poscit
465 2715 548 2760 usus
566 2690 730 2761 bumana·
744 2692 956 2790 fragilitatis.
980 2723 998 2760 n

278 2841 295 2874 n
313 2807 381 2878 Sed
403 2833 483 2880 curn
504 2807 694 2905 paulatim,
720 2808 781 2904 pio
801 2809 957 2881 Domino
977 2826 1168 2907 praestante
1184 2813 1289 2883 auxi·

229 2927 335 3013 lium,
355 2923 611 3024 temporalibus
624 2923 728 2996 bonis
745 2929 966 3024 augmentari
986 2929 1198 3026 erupissent,
1218 2926 1291 3000 duo

226 3043 309 3115 saeri
328 3044 482 3115 latrones
497 3042 620 3116 exalia
638 3042 842 3139 provincia,
861 3042 1042 3117 audientes
1057 3044 1290 3142 multiplioeri

226 3187 352 3234 eorum
372 3159 622 3246 substantiam,
645 3159 853 3232 direxerunt
870 3170 1028 3258 gressum
1047 3160 1089 3232 ad
1111 3161 1203 3233 besti
1222 3160 1290 3233 siri

226 3279 411 3366 cellulam,
439 3294 474 3350 et
492 3295 672 3376 assumpto
696 3302 802 3377 grege
825 3303 1039 3376 porcorum,
1058 3304 1140 3350 cram
1163 3278 1289 3350 silrsm

224 3396 344 3499 egreili
369 3398 595 3481 festinarent,
616 3397 837 3495 reciprocato
858 3397 985 3468 itinere
1002 3397 1110 3495 ipsam
1127 3419 1291 3469 eremum

225 3531 416 3613 coeperunt
448 3514 652 3586 circumire.
697 3512 742 3583 Et
777 3539 851 3585 non
884 3513 1103 3584 invenientes
1138 3509 1291 3585 liberam

324 3716 329 3721 .
348 3712 420 3723 -n
446 3712 604 3721 ...ο-ιι---
619 3711 650 3720 -o
700 3712 710 3717 -
732 3712 740 3718 -
805 3711 844 3718 ----
871 3711 888 3717 -·
909 3710 955 3717 -ι-
988 3710 1089 3719 ο-οι-
1108 3709 1219 3719 -ν-ο-

261 3834 300 3903 (ι)
313 3834 422 3885 Aurem.
437 3835 445 3893 l
458 3831 520 3882 llss.
537 3829 586 3881 ttn-
600 3840 627 3879 rt
639 3829 757 3893 (Inncln

260 3926 299 3985 lat
308 3922 349 3973 (ir
363 3917 565 3979 metriasmon
579 3928 720 3989 arn-ptum
732 3915 889 3971 lrabitnrllr.
902 3918 1009 3986 signalu-
1020 3936 1136 3981 ununr,
1151 3921 1266 3992 prdtrnr
1276 3940 1292 3973 s

228 4029 322 4065 rrsrire.
333 4010 409 4063 ,Nom
419 4024 537 4080 pas-asson·
545 4006 613 4079 qrr'rl
625 4008 682 4059 lant
696 4005 721 4059 t·
732 4005 850 4078 rurndrr
863 4024 897 4059 rer
909 4007 978 4060 dans
989 4009 1057 4061 celle
1067 4009 1291 4082 d'eurpruntrur.

227 4120 277 4175 ‹ptt
296 4102 386 4154 rrnslt
409 4096 509 4151 rrudrr
527 4116 588 4147 asrr
604 4115 686 4148 rtsnn·
707 4115 738 4146 rr
758 4096 824 4169 rqu'tl
839 4098 907 4148 arsit
928 4116 991 4168 tren
1004 4100 1137 4173 quelques
1154 4110 1294 4156 moment!

234 4203 403 4260 unanima,
