3046 5244
152 496 250 570 troas]
515 484 629 547 traua
649 485 848 547 saratinus.
1151 501 1209 561 1⁸9

150 636 289 721 garuut,
305 635 341 690 et
356 615 452 718 quod
465 633 546 715 post
559 617 747 690 transitum
761 616 927 716 Gregorii
942 619 1019 693 0do
1029 622 1210 699 Romanus

150 743 235 838 Papa
253 739 365 821 soret,
387 751 654 832 compererunt.
685 735 760 807 Hoc
784 736 929 808 autiicus
953 738 1052 831 Odo,
1076 745 1208 839 praesul

149 857 361 955 bajocensis,
387 853 448 952 qui
475 852 687 925 cumfratre
710 877 774 923 suo
795 854 990 929 Guiiielmo
1008 883 1090 958 rege
1109 860 1209 936 Nor-

147 974 285 1044 mauuis
305 968 560 1043 dominabatur
578 986 613 1041 et
632 971 778 1068 Augiis,
801 972 1063 1069 parvipendens
1087 994 1208 1075 potes-

148 1107 231 1161 tates
254 1105 291 1160 et
316 1087 456 1158 divitias
481 1088 582 1185 regui
607 1087 851 1175 occidentalis,
878 1091 943 1161 uisi
963 1094 1044 1190 jure
1063 1112 1209 1192 papatus

144 1206 393 1278 dominaretur
421 1204 522 1276 iatius
552 1221 587 1276 et
615 1203 782 1276 omuibus
813 1208 1020 1305 terrigenis,
1056 1211 1208 1286 Romam

146 1322 451 1418 misit,‘paiatium
466 1320 532 1392 sibi
550 1323 655 1407 emit,
677 1340 856 1394 senatores
869 1324 1050 1416 Quiritum
1070 1331 1209 1427 maguis

146 1437 352 1510 muneribus
383 1438 473 1510 (latis
503 1438 570 1510 sibi
602 1440 754 1510 amicitia
783 1442 981 1539 copularit,
1014 1445 1208 1540 pniatium-

145 1584 211 1657 que
232 1584 335 1628 suum
359 1557 479 1628 multis
500 1555 700 1654 sumptibus
720 1575 756 1629 et
773 1559 961 1655 superiluis
981 1561 1209 1661 apparatibus

146 1676 342 1748 exornavit.
359 1676 560 1773 Hugonem,
578 1676 817 1748 Cestrensium
831 1679 1012 1767 comitem,
1027 1708 1209 1781 magnam·

145 1820 209 1891 que
227 1791 414 1866 cohortem
427 1792 691 1889 praecipuorum
706 1793 861 1865 miiitum
874 1797 996 1866 ascivit
1005 1850 1016 1884 ,
1036 1813 1076 1869 ut
1088 1822 1208 1871 secum

148 1911 178 1979 iu
197 1909 336 1979 italiam
350 1908 662 2005 proficiscerentur
672 1908 891 1997 obsecravit,
907 1929 942 1984 et
957 1914 1111 2012 ingentia
1128 1941 1209 2014 pro-

146 2025 241 2095 cibus
258 2024 428 2122 promissa
450 2023 622 2123 prodigus
640 2024 788 2096 addidit.
808 2028 864 2097 ltti
883 2053 989 2115 vero,
1009 2032 1090 2128 quia
1111 2032 1224 2105 Nor·¹

147 2145 264 2214 manui
298 2142 391 2214 leves
419 2158 455 2214 et
480 2159 599 2213 extera
629 2141 748 2213 videre
773 2142 889 2241 cupidi
919 2161 1022 2232 sunt,
1044 2149 1208 2243 protinus

147 2263 398 2359 praesumptori
432 2262 617 2357 episcopo,
650 2260 706 2331 cui
734 2261 955 2357 principatus
982 2262 1147 2334 Albionis
1173 2283 1209 2338 et

147 2376 320 2449 beustriae
344 2402 416 2449 non
437 2374 650 2465 sufficiebat,
669 2393 905 2447 assenserunt.
932 2378 1097 2476 lugentes
1113 2406 1209 2479 quo·

146 2520 211 2593 que
231 2494 377 2581 fundos,
398 2520 487 2592 (ptos
512 2492 720 2565 inocciduis
741 2491 943 2564 ciimatibus
959 2495 1205 2591 possidebant,

146 2611 304 2682 (deserere
335 2610 597 2697 decreverunt,
621 2638 662 2682 ac
690 2627 729 2681 ut
756 2612 904 2708 praesato
935 2614 1078 2709 praesuli
1111 2631 1208 2688 trans

147 2728 277 2800 Padum
292 2730 564 2812 comitarentur,
583 2752 649 2824 per
666 2725 772 2798 tidem
788 2727 1072 2824 spoponderunt.

192 2846 415 2944 Apparatum
431 2843 629 2943 hujusmodi
650 2843 806 2942 prudeus
823 2871 885 2916 rex
904 2847 1119 2918 (inilleimus
1131 2839 1209 2921 edi-

146 2961 248 3047 dicit,
267 2960 328 3032 sed
356 2988 428 3033 non
455 2959 687 3057 approbavit,
709 2986 891 3059 regnoque
908 2989 972 3033 suo
984 2983 995 3049 ,¹
1015 2963 1208 3062 multisque

148 3080 219 3149 aiiis
245 3075 345 3148 saido
366 3078 570 3148 nociturum
592 3076 793 3146 aestimavit.
820 3077 923 3148 Unde
944 3078 1152 3149 festinanter
1171 3079 1208 3152 iu

150 3195 313 3294 :ingiiam
332 3195 591 3278 transfretavit,
610 3220 650 3263 ac
668 3192 783 3264 Odoui
802 3193 968 3291 episcopo
986 3221 1066 3266 cum
1081 3193 1207 3294 grandi

149 3337 273 3408 pompa
293 3312 458 3408 navigare
477 3310 512 3380 iu
536 3309 797 3382 Normauniam
822 3312 996 3406 cupienti,
1017 3336 1061 3382 ex
1086 3313 1208 3410 iuspe-

149 3445 222 3500 tato
240 3428 402 3498 ininsula
420 3427 527 3499 Vecta
543 3428 597 3522 (ι)
613 3424 784 3496 obviavit.
800 3423 854 3495 lbi
871 3427 1043 3497 nimirum
1059 3454 1208 3528 congre·

157 3581 198 3588 -—
212 3577 444 3586 ..--——-—-——·

147 3656 246 3702 auarior
259 3655 286 3702 r'rr
302 3650 400 3703 exilio:
418 3649 484 3700 mais
503 3646 527 3699 ia
547 3646 715 3718 magniiiquc
728 3649 843 3717 reponse
855 3644 889 3698 (ie
901 3645 958 3699 l'un
973 3646 1021 3700 deu
1039 3648 1140 3720 prelata
1157 3654 1206 3725 qui
1279 3712 1284 3720 ¹

146 3734 316 3792 l'assistaient
332 3756 346 3788 a
363 3754 397 3789 ru
417 3737 507 3788 moins
523 3735 557 3789 de
578 3734 712 3806 publicite
730 3757 734 3785 ε
755 3733 820 3787 Non
841 3743 932 3804 potes,
951 3735 1074 3803 domine,
1090 3742 1162 3792 mori
1179 3744 1207 3794 in

142 3830 237 3887 exilii,
259 3830 309 3898 qui
321 3830 350 3878 iu
367 3830 424 3878 uice
441 3825 545 3877 Christi
558 3834 584 3877 et
596 3824 784 3892 apostolorum
799 3825 860 3895 ejus
873 3828 1005 3896 accepisti
1016 3837 1113 3897 gentes
1128 3829 1208 3883 tem-

142 3917 270 3981 ditutrm,
287 3926 313 3969 et
321 3919 522 3985 possessiouem
536 3919 667 3967 terruiuus
680 3923 771 3966 terroe.

176 4012 184 4039 Ι
192 4029 196 4058 t
206 4012 213 4073 J
224 4007 290 4060 {lite
301 4005 336 4056 dr
347 4005 375 4053 bi
387 4005 456 4073 igin.
465 4006 634 4077 -Quoique
644 4004 667 4056 ia
678 4005 768 4056 ranite
779 4014 807 4055 ct
818 4003 968 4058 l‘ambitiou
979 4005 1091 4059 d'Odou
1103 4007 1208 4064 fussent

140 4097 231 4164 «pairs
245 4103 260 4148 a
274 4113 324 4146 sou
341 4095 456 4153 avarior,
475 4111 544 4147 nous
557 4112 638 4147 avons
651 4095 731 4166 peine
744 4097 759 4146 a
774 4095 863 4146 croire
874 4095 941 4167 qu’ii
958 4096 996 4148 ait
1010 4096 1208 4153 scriensement

142 4189 247 4254 {raison
263 4185 393 4256 paiscuir
404 4188 417 4235 ii
431 4183 454 4235 ia
470 4187 601 4255 papante,
617 4202 652 4236 ou
668 4183 756 4236 mimc
770 4184 785 4234 ‘a
797 4181 865 4235 attu-
876 4184 942 4239 tixer
951 4202 979 4237 sa
992 4183 1134 4240 resideoce
1146 4190 1208 4259 pris

141 4275 204 4327 d'un
216 4272 326 4346 pontiic
339 4270 374 4323 de
385 4290 486 4324 rrrirurs
496 4273 566 4325 aussi
580 4271 684 4340 rigidos
695 4281 722 4324 rt
735 4268 819 4322 d'uue
832 4270 940 4325 voloute'
949 4272 1020 4325 anmi
1032 4271 1143 4329 absotue
1152 4293 1207 4349 que
