3016 5242
217 427 275 486 ns
495 425 678 483 rrrsroun
703 423 1009 485 nectesnsnca.
1177 425 1271 503 [run

217 584 287 657 que
306 559 400 630 cirea
419 556 659 630 Alencionem
670 612 679 644 ,
704 582 769 655 per
797 574 867 630 tres
885 582 1044 643 menses,
1064 556 1273 655 provinciam

217 675 424 746 devastavit.
447 674 640 758 Hernicus,
664 673 850 745 Guillelmi
867 674 1010 772 Magni,
1035 672 1131 771 regis
1147 671 1275 771 Angla-

218 816 318 876 rum,
335 789 446 876 filius,
462 789 700 860 Danfrontem
714 786 920 886 possidebat
931 789 1006 886 (1),
1022 803 1059 859 et
1071 786 1278 885 superllod·

219 905 379 994 bertum,
396 907 451 978 cui
468 905 657 1002 praefatum
671 907 856 978 castellum
873 903 1089 995 abstulerat,
1109 908 1223 977 immo
1233 932 1278 977 su·

218 1048 283 1120 per
299 1024 427 1094 fratres
443 1048 524 1093 suos
543 1052 551 1092 :
572 1049 695 1119 regem
714 1039 750 1094 et
766 1022 912 1110 ducem,
933 1048 1103 1120 guerram
1120 1021 1277 1107 faciebat,

216 1169 235 1210 a
252 1139 381 1240 quibus
399 1140 554 1211 extorris
572 1138 615 1210 de
637 1141 767 1236 cespite
784 1156 937 1237 paterno
953 1139 1123 1238 expulsus
1137 1142 1260 1212 fuerat.

266 1260 306 1329 ln
326 1257 431 1328 initio
444 1257 575 1327 mensis
586 1256 680 1354 julii,
697 1255 901 1328 Rodbertus
914 1256 1117 1329 Geroianus
1135 1284 1222 1329 cum
1236 1258 1281 1328 fa-

218 1375 317 1444 milia
341 1373 508 1459 Heariei,
532 1372 680 1471 aliisque
704 1373 1075 1473 commanipularibus
1095 1375 1169 1446 suis
1185 1399 1282 1472 expe-

218 1489 394 1561 ditionem
414 1489 515 1575 fecit,
541 1505 578 1559 et
599 1490 737 1587 ingenti
756 1489 878 1587 praeda
895 1489 1056 1587 direpta,
1078 1488 1199 1563 hostes
1215 1516 1282 1562 cum

220 1608 332 1705 copiis
353 1608 424 1677 suis
447 1608 612 1680 insectari
636 1610 763 1705 coepit.
784 1609 946 1707 Cumque
969 1607 1173 1681 Geroianus
1195 1609 1283 1681 auxi·

221 1726 342 1798 liarios
355 1751 437 1796 suos
451 1723 495 1796 ad
510 1752 570 1796 sua
585 1742 819 1823 properantes
832 1724 1064 1814 conduceret,
1080 1740 1117 1797 et
1132 1725 1285 1799 alacriter

221 1841 487 1917 confabulando
503 1870 586 1915 cum
600 1845 694 1915 notis
706 1859 740 1914 et
758 1845 899 1930 amicis,
917 1845 1061 1942 longius
1075 1844 1166 1933 iret,
1181 1841 1286 1915 subito

222 1988 349 2033 rumor
366 1977 466 2032 ortus
481 1977 552 2050 est,
568 1960 666 2060 quod
680 1961 816 2033 occisus
830 1978 932 2034 esset.
950 1963 1040 2034 Mox
1052 1958 1164 2035 dolor
1177 1962 1287 2061 ingens

222 2104 347 2151 omries
370 2079 544 2176 perculit,
569 2095 605 2150 et
630 2079 802 2150 terribilis
821 2078 959 2152 clamor
978 2079 1016 2151 in
1030 2095 1157 2152 castro
1175 2104 1288 2178 perso-

225 2199 317 2268 nuit.
343 2196 544 2270 Castrenses
568 2197 838 2295 expalluerunt,
862 2213 899 2268 et
920 2222 1029 2270 omne
1046 2196 1240 2271 consilium
1255 2220 1288 2265 ac

225 2316 329 2387 virile
355 2314 470 2387 robur
496 2315 705 2387 amiserunt.
733 2314 895 2412 Pagauus
921 2315 1041 2415 itaque
1066 2312 1112 2386 de
1140 2312 1288 2388 Mundu-

226 2432 299 2505 blel
319 2435 390 2529 (a),
409 2449 446 2505 et
458 2432 574 2505 Rotro
592 2431 636 2504 de
649 2433 860 2505 Monteforti
877 2433 945 2530 (ὅ),
961 2432 1096 2533 aliique
1112 2433 1288 2505 muniones

229 2549 335 2621 castri
354 2548 584 2639 defecerunt3
605 2577 665 2637 ac,
686 2565 726 2620 ut
755 2548 969 2622 Belesmensi
997 2548 1184 2637 faverent,
1213 2550 1289 2621 sicut

230 2668 376 2766 quidam
397 2669 538 2755 ferunt,
564 2669 708 2740 nemine
729 2683 881 2765 cogente
901 2682 1057 2739 castrum
1078 2667 1159 2740 sine
1180 2665 1290 2739 defen·

231 2812 311 2860 sore
328 2786 575 2858 deseruerunt.
599 2784 827 2884 Radegundis
848 2801 966 2857 autem
990 2811 1098 2874 uxor,
1125 2802 1201 2859 tam
1217 2781 1289 2855 diris

967 2976 1288 2995 ——u———u—-ffl

234 3103 292 3177 pris
303 3121 333 3156 cc
347 3120 411 3155 nom
425 3101 462 3153 ‹lu
475 3101 605 3172 seigneur
616 3100 686 3154 dont
700 3112 779 3155 notre
791 3112 891 3155 auteur
903 3100 979 3174 parle
992 3101 1043 3168 ici,
1058 3120 1095 3157 ou
1107 3102 1145 3158 de
1156 3100 1287 3179 quelqdcu

235 3194 271 3249 de
291 3213 333 3249 ses
351 3193 560 3266 pre'de'ccsseurs
577 3192 767 3263 ltonionymes.
785 3192 808 3245 ll
824 3192 884 3246 faut
900 3210 928 3246 se
946 3192 1048 3266 garder
1059 3192 1096 3247 de
1107 3190 1254 3249 contundit
1265 3204 1288 3243 ot

235 3284 292 3341 lieu
310 3304 374 3339 avec
391 3282 672 3349 sini-en-Gouffern‚
690 3285 739 3356 qui
756 3282 848 3337 devait
863 3283 1025 3357 appartenir
1041 3284 1193 3360 &quelque
1207 3282 1288 3339 amiel

237 3378 319 3432 vassal
333 3376 369 3432 de
382 3377 489 3432 Robert
502 3375 537 3430 de
551 3374 681 3429 Belleme.

272 3470 310 3539 (ι)
326 3469 429 3540 Drpuis
447 3486 526 3540 1092,
543 3485 650 3520 conante
663 3483 733 3519 nous
745 3482 848 3518 venons
860 3463 895 3519 de
906 3463 932 3519 le
943 3466 1012 3519 voir.

272 3565 312 3629 (a)
328 3559 561 3625 allontdonblean,
580 3556 814 3612 arrondissernent
828 3556 864 3610 de
877 3555 1034 3612 Venditme.
1050 3558 1091 3614 Ce
1103 3556 1176 3631 lieu,
1191 3556 1237 3633 qui
1250 3554 1290 3611 tai-

237 3649 288 3703 sait
304 3649 436 3702 autrefois
454 3648 542 3720 partie
557 3647 594 3701 du
614 3648 719 3712 Maiae,
735 3645 797 3699 doit
809 3663 858 3699 sou
872 3662 986 3699 aurnum
1000 3648 1017 3700 a
1030 3646 1139 3720 Hugue
1150 3646 1290 3705 nouum.

237 3736 365 3811 petit-fils
383 3735 417 3790 de
438 3737 564 3810 Foulque
582 3736 683 3802 Nerea,
703 3735 752 3807 qui
770 3735 813 3788 fut
830 3733 855 3788 la
875 3734 932 3806 tige
948 3733 984 3789 de
1002 3752 1044 3791 sea
1059 3736 1213 3810 seigneur.
1230 3734 1292 3791 Nous

237 3847 341 3884 venons
353 3827 388 3881 de
403 3829 463 3881 roir
477 3828 581 3899 figures·
594 3828 685 3898 Paycn
699 3824 734 3879 de
748 3823 968 3878 lllontdoubleau
980 3824 1135 3895 ei-desrur,
1150 3846 1179 3901 p.
1192 3824 1252 3903 296,
1264 3824 1292 3879 uit

237 3933 319 3977 notre
334 3931 434 3974 auteur
447 3938 461 3972 a
476 3918 568 3970 nrieux
582 3918 652 3970 ecrit
664 3935 695 3970 ce
708 3934 773 3970 nom
788 3939 793 3967 ε
808 3916 893 3969 Mons
905 3914 1043 3971 Dublelis.

273 4011 313 4080 (3)
329 4008 645 4072 Montfort-le-Rotrou‚
662 4006 898 4061 arrondisserneut
911 4005 950 4059 du
963 4006 1053 4061 Mans.
1070 4007 1154 4065 Cette
1164 4020 1294 4063 mmmm

236 4122 251 4155 a
266 4103 320 4155 tire
336 4119 386 4155 son
405 4117 519 4153 suruom
537 4096 572 4150 dc
589 4096 711 4162 Rotrou,
729 4096 871 4150 troisierne
886 4094 928 4149 lils
940 4093 976 4150 de
988 4094 1098 4153 Retron
1110 4096 1156 4167 1⁰¹,
1170 4090 1294 4153 merted·

236 4192 356 4258 Prrcbe,
375 4190 431 4245 l'un
446 4189 493 4244 des
507 4188 666 4243 devanciers
678 4186 712 4241 de
725 4187 797 4241 celui
811 4186 861 4261 qui
874 4186 962 4259 ligure
976 4186 1023 4240 ici.
