3046 5244
81 480 189 555 [rose]
456 476 570 534 turen
592 477 776 535 iuratus
1091 480 1151 539 eon

79 609 226 683 Domini
242 607 397 680 Sabaoth
415 607 689 693 laboraverunt,
706 634 862 706 <pirorum
880 608 1014 706 lapidea
1032 610 1152 706 sepul-

80 753 138 797 cra
155 724 273 823 palam
285 722 561 796 adventantibus
579 725 673 794 inter
690 723 869 794 basilicam
888 741 922 795 et
944 726 979 796 in
998 724 1151 796 circuitu

79 847 151 944 ejus
170 844 376 916 testimonio
390 859 493 929 sunt,
516 844 613 940 cnjus
626 844 744 914 meriti
761 859 796 913 et
809 845 1020 915 reverentia?
1038 843 1153 916 bomi-

82 987 141 1033 nes
159 961 248 1032 inibi
274 961 511 1059 requiescant.
531 960 674 1031 Scelesti
692 986 779 1060 ergo
798 959 1015 1034 habitatores
1038 962 1150 1032 multa
1226 966 1230 971 '

82 1079 276 1151 infortunia
294 1079 425 1150 merito
453 1078 609 1176 perpessi
630 1095 733 1165 sunt,
755 1095 791 1149 et
815 1077 971 1150 caedibus
988 1106 1029 1151 ac
1049 1103 1153 1151 com·

80 1194 324 1282 bustionibus,
341 1195 635 1295 multimodisque
652 1197 825 1293 pressuris
840 1223 881 1268 ac
893 1194 1152 1296 dejectionibus

79 1316 286 1412 frequenter
305 1314 424 1385 alllieti
438 1330 533 1385 snut.

127 1432 326 1527 Municipes
351 1428 557 1503 dleneionis
574 1447 609 1502 et
626 1430 809 1517 Bellesmi,
831 1431 1053 1530 aliarumque
1069 1455 1152 1501 mu-

81 1549 274 1633 nitionum,
292 1546 529 1619 utaudierunt
542 1574 649 1648 quam
660 1548 751 1620 male
762 1549 952 1647 contigerit
966 1546 1153 1620 liudberto

80 1660 291 1755 Quadrello,
306 1680 342 1734 et
359 1661 597 1760 complicibus
616 1664 677 1762 qui
697 1690 778 1734 cum
803 1689 845 1734 eo
869 1666 1030 1747 fuerant,
1051 1660 1153 1734 ralde

81 1779 197 1850 territi
224 1796 326 1866 sunt,
354 1797 389 1851 ct
414 1796 453 1851 ut
479 1778 616 1851 debitas
642 1781 801 1851 venienti
825 1779 904 1851 duci
934 1780 1153 1851 munitiones

80 1894 289 1983 redderent,
306 1897 497 1967 consilium
515 1897 687 1967 inierunt.
704 1895 839 1967 Verum
859 1894 1062 1967 Ptodbertns
1080 1893 1153 1965 dux

81 2008 123 2080 ab
143 2012 301 2108 inctrpta
326 2012 460 2083 virtute
486 2014 558 2084 cito
583 2011 731 2099 defecit,
756 2029 793 2085 et
816 2012 967 2084 mollitie
984 2010 1153 2082 suadente

81 2127 121 2202 ad
147 2146 281 2201 tectum
306 2147 340 2201 et
363 2131 521 2230 quietem
545 2130 647 2202 aride
674 2132 851 2217 recurrit,
883 2129 1154 2228 exercitumque

81 2272 202 2334 suum,
219 2263 258 2317 ut
275 2248 425 2346 quisque
439 2247 483 2318 ad
497 2276 556 2318 sna
576 2247 785 2346 repedaret,
804 2247 951 2317 dimisit.

127 2361 1154 2464 Rogerittsigiturcomes,dissolutisagminibusNormau·

81 2507 210 2554 norum
235 2499 342 2582 atque
364 2483 735 2567 cenomannensium,
763 2483 901 2581 gavisus
926 2497 996 2567 est,
1026 2495 1061 2550 ct
1089 2503 1154 2575 per

79 2596 213 2671 dicaces
229 2600 362 2699 legatos
376 2628 394 2670 a
407 2600 496 2673 duee
512 2627 654 2698 pacem,
670 2600 804 2699 liliiqne
818 2600 869 2669 sni
889 2597 1154 2669 absolutionem

79 2716 283 2813 postulans,
305 2717 417 2788 multa
434 2718 521 2789 salso
540 2717 721 2815 pollicitus
745 2732 810 2787 est.
836 2717 915 2786 Dux
933 2730 1071 2801 autem,
1090 2711 1153 2810 qui

79 2833 301 2933 improvidus
325 2852 401 2906 erat
428 2852 464 2907 et
495 2834 690 2922 instabilis,
716 2833 760 2905 ad
793 2835 930 2930 lapsum
959 2832 1089 2917 sacilis,
1110 2826 1155 2898 ad

80 2952 274 3024 tenendum
298 2954 444 3051 justitiae
467 2954 626 3052 rigorem
644 2954 783 3039 mollis,
808 2978 851 3023 ex
880 2953 1059 3048 insperato
1082 2947 1154 3018 sri-

80 3070 166 3141 volis
192 3068 418 3166 pactionibus
447 3070 643 3142 infidorum
669 3068 867 3168 adquievit,
897 3086 933 3140 et
960 3093 1045 3166 pace
1064 3066 1153 3135 lacta

79 3183 234 3282 Rogerio
248 3187 369 3255 comiti
387 3185 496 3283 petita
511 3187 701 3273 eottcessit,
717 3201 824 3282 atque
841 3182 1068 3254 Rodbcrtum
1084 3182 1154 3250 tte-

81 3298 288 3373 lesmensem
306 3328 323 3371 a
348 3303 500 3375 vinculis
517 3303 683 3373 absolvit.
705 3302 768 3372 llle
789 3327 875 3372 vero
891 3302 964 3396 jam
985 3295 1154 3368 liberatus

83 3417 272 3505 intumuit,
292 3418 384 3516 jussa
403 3418 501 3490 ducis
519 3435 625 3518 atque
645 3420 759 3488 minas
782 3419 899 3488 miuus
918 3414 1152 3513 appretiavit,

81 3538 338 3636 praesentisque
358 3540 372 3634 (
381 3540 410 3628 t)
430 3562 570 3608 mentor
591 3537 753 3635 injuriae,
772 3535 949 3606 diutinam
971 3531 1153 3630 multipli-

83 3678 229 3753 cemque
253 3653 448 3726 vindictam
474 3656 648 3725 exercuit.
670 3653 759 3723 Nam
778 3678 839 3750 pcr
859 3677 905 3722 xv
924 3676 1057 3735 annos,
1073 3649 1153 3747 qui·

82 3766 144 3842 bns
163 3771 394 3869 postmodum
414 3775 449 3844 in
469 3773 633 3842 Nenstria
653 3772 758 3842 simul
777 3784 987 3841 manserunt
1007 3769 1079 3863 (r),
1096 3763 1154 3834 ad-

114 4006 148 4069 (t,
168 4005 337 4056 Parturiur.
353 4008 401 4058 lls.
418 4005 452 4056 dt·
467 4005 489 4056 la
505 4005 580 4057 trine
592 4005 627 4056 dc
639 4004 739 4058 Suidc.

114 4096 139 4143 s't
169 4096 208 4146 (Συ
222 4095 308 4147 tulcttl
329 4097 394 4147 u'rsl
415 4114 461 4166 pas
479 4106 563 4146 twart.
586 4095 704 4147 ll'alund
725 4095 764 4147 les
782 4096 853 4146 deut
874 4093 974 4144 lli-bert
996 4109 1029 4140 n··
1049 4106 1076 4137 ςι·
1092 4097 1154 4138 suut

86 4188 190 4231 trouu-s
211 4184 351 4234 cnsrutblt·
372 4205 405 4236 cu
428 4184 598 4236 ,borinandic
618 4203 671 4256 qur
695 4183 814 4254 pendant
835 4193 967 4254 ‹ptattuue
988 4197 1049 4231 att-u
1071 4187 1097 4228 tt
1121 4175 1154 4227 it-

86 4273 181 4323 etaicut
197 4271 358 4324 reconcilies
373 4283 451 4324 arant
467 4272 490 4324 la
506 4272 614 4324 bataillc
627 4273 661 4325 dr
674 4272 854 4325 'tinctu-tuat.
