3016 5242
220 461 329 538 [riso]
608 457 902 520 cineusaxrus.
1230 469 1289 527 119

218 620 289 693 pro
304 593 569 669 monachorum
582 590 728 690 negotio
741 606 920 688 precatur.
936 590 1064 665 Comes
1077 608 1195 666 autem
1210 620 1289 694 pre-

219 713 316 785 canti
339 710 520 785 avunculo
537 705 719 795 concedit,
738 722 775 780 et
796 731 861 806 per
887 706 1068 782 Andrum
1087 707 1288 809 dapiferum

217 855 323 903 suum
352 823 632 902 Resbaceusibus
659 825 924 898 concessionem
953 851 1052 899 suam
1081 826 1286 917 mandavit,

217 946 280 1046 qui
299 942 345 1018 ad
367 944 463 1018 diem
486 969 560 1044 quo
583 941 747 1042 reliquiae
763 941 1059 1016 monstrabantur
1077 969 1151 1019 non
1170 945 1286 1034 venit,

218 1059 279 1133 sed
294 1059 391 1160 apud
407 1060 653 1146 colummers,
674 1058 815 1131 comitis
832 1074 987 1132 castrum
1006 1062 1083 1159 (r),
1104 1061 1288 1135 remansit.

218 1177 310 1250 liluc
323 1177 501 1252 Uticensis
513 1174 624 1250 abbas
638 1189 676 1249 et
691 1174 870 1249 Guarinus
885 1177 1060 1279 Sagicnsis
1073 1204 1115 1252 ac
1131 1176 1291 1253 Andreas

218 1293 469 1368 columbensis
492 1295 549 1394 (2)
573 1293 618 1366 ad
642 1291 825 1367 Andream
849 1311 1101 1393 perrexeruut.
1129 1295 1226 1388 Quos
1249 1313 1292 1369 ut

219 1410 323 1499 vidit,
334 1411 492 1513 benigne
500 1411 668 1511 suscepit,
683 1409 1049 1487 commorationibus
1062 1437 1099 1486 se
1111 1438 1291 1488 commen-

217 1528 335 1617 davit,
354 1529 619 1603 concessionem
635 1529 777 1603 comitis
793 1529 991 1620 intimavit,
1010 1555 1117 1630 seque
1134 1531 1291 1631 legatum

219 1643 304 1716 inde
325 1658 363 1715 et
381 1641 622 1743 fidejussorem
646 1643 839 1723 rmntiavit.
859 1645 963 1719 Tunc
982 1645 1164 1718 Guarinus
1182 1641 1291 1718 abbas

219 1761 324 1835 laetus
338 1786 422 1834 cum
435 1762 539 1836 sociis
554 1757 752 1834 Resbacum
765 1762 951 1850 remeavit,
969 1775 1006 1835 et
1020 1761 1156 1834 Natalis
1168 1759 1290 1852 abbas,

219 1894 258 1951 ut
281 1880 551 1953 concessionem
574 1878 731 1952 consulis
751 1876 908 1966 audivit,
931 1879 1147 1977 poenitentia
1171 1895 1291 1952 motus

217 1992 317 2095 quod
335 1995 519 2069 Uticenses
539 1993 642 2068 valde
660 2011 866 2084 vexaverat,
887 1996 981 2068 votis
1000 2019 1128 2069 eorum
1147 1996 1289 2068 annuit.

219 2112 424 2188 Amalricus
453 2113 571 2213 itaque
595 2113 700 2211 prior
725 2138 830 2184 mane
855 2129 1074 2186 conventum
1101 2113 1289 2202 excitavit,

218 2256 302 2304 cum
326 2230 553 2304 Uticensibus
573 2228 617 2303 ad
639 2228 823 2304 basilicam
844 2229 966 2319 duxit,
992 2232 1183 2331 omnisque
1199 2257 1292 2304 con-

217 2364 349 2420 ventus
366 2345 531 2421 ordinata
553 2347 781 2447 processione
803 2345 848 2418 ad
871 2347 1065 2419 sacrarium
1087 2345 1198 2420 vadit.
1222 2345 1293 2419 Vas

217 2482 448 2564 argenteum,
475 2466 513 2538 in
539 2490 613 2566 quo
639 2464 681 2536 B.
702 2462 845 2536 Ebrutti
871 2463 1023 2564 pignora
1045 2464 1161 2536 clausa
1188 2481 1292 2538 erant

215 2582 412 2682 frangitur,
433 2583 596 2683 reliquiar
611 2596 820 2655 reverenter
832 2579 1087 2672 extrahuntur,
1102 2578 1292 2656 brachium

216 2698 389 2772 derum
406 2725 488 2773 cum
506 2698 627 2799 pixide
648 2701 754 2798 plena
774 2698 941 2773 fracturis
957 2699 1089 2773 ossium
1106 2716 1289 2800 erogatur.

218 2817 402 2890 Uticenses
427 2818 545 2918 itaque
569 2818 606 2889 in
632 2816 837 2890 Neustriam
858 2816 1065 2909 redierunt,
1082 2832 1191 2918 atque
1207 2819 1290 2892 Uti-

217 2961 300 3006 cum
318 2947 386 3008 νιιο
399 2934 469 3006 kal.
486 2933 579 3033 junii
597 2935 651 3032 (3)
671 2950 929 3034 pervenerunt.
949 2934 1080 3037 Magna
1098 2933 1293 3009 multitudo

218 3053 408 3151 utriusque
423 3078 524 3124 sexus
539 3052 613 3124 scre
628 3050 672 3124 ad
689 3068 848 3153 quatuor
861 3053 975 3126 millia
990 3054 1178 3142 convenit,
1196 3052 1293 3127 acad

216 3169 440 3269 suscipienda
466 3169 557 3242 tanti
581 3171 726 3269 patroni
755 3168 926 3243 beneficia
954 3172 1134 3260 occurrit,
1160 3187 1197 3244 et
1221 3172 1295 3270 ejus

217 3301 302 3358 ante
317 3286 434 3359 Βευηι
454 3284 622 3387 suffragia
646 3287 847 3386 promereri
868 3286 953 3359 fusis
971 3285 1136 3386 precibus
1151 3289 1291 3386 sategit.

218 3403 323 3503 AEgri
352 3403 576 3477 diversarum
605 3402 857 3477 infirmitatum
887 3404 1049 3477 molestia
1079 3407 1293 3504 praegravati

218 3536 435 3611 accurrunt,
453 3536 491 3593 et
505 3520 662 3595 remedia
680 3521 750 3592 suis
767 3517 954 3594 doloribus
968 3518 1014 3593 ab
1028 3519 1214 3595 Altissimo
1230 3547 1297 3621 per

217 3635 307 3707 almi
323 3636 433 3735 patris
445 3635 588 3709 Ebrulfi
603 3636 730 3708 merita
742 3635 954 3735 deposcunt,
971 3652 1007 3709 et
1018 3637 1168 3735 plurimi
1184 3639 1294 3737 petita

254 3857 296 3922 (ι)
313 3854 518 3909 Coulomvniers
533 3875 569 3910 en
583 3856 662 3925 Brie,
680 3861 695 3912 'a
711 3856 785 3912 deux
801 3857 888 3912 lieues
900 3856 935 3911 de
948 3838 1050 3912 Rebais
1063 3868 1092 3912 et
1105 3875 1152 3911 sur
1166 3857 1191 3911 la
1205 3858 1295 3912 menie

220 3961 332 3998 rinei-e.

254 4035 296 4103 (a)
312 4034 352 4088 Ce
371 4052 557 4108 personnagc‚
575 4035 644 4091 dont
658 4036 677 4092 il
691 4037 734 4092 n'a
747 4053 796 4110 pas
809 4054 912 4092 encore
925 4038 969 4091 site'
982 4036 1070 4110 parle',
1086 4036 1176 4091 devait
1188 4034 1246 4086 otro
1258 4050 1296 4086 ou

219 4123 294 4177 natis
311 4122 345 4178 de
365 4123 570 4180 Coulommiers
589 4129 599 4194 (
609 4127 817 4194 Columbaria),
836 4145 874 4182 ou
892 4127 987 4181 moine
1004 4126 1039 4181 dc
1057 4123 1208 4182 Coulombs
1228 4122 1236 4187 (
1246 4124 1296 4179 Co-

220 4215 352 4281 lumboe).

257 4302 296 4369 (3)
312 4304 346 4357 Lc
361 4304 395 4358 26
409 4306 472 4357 mai.
