3016 5242
82 485 345 563 [turanno1097]
477 481 596 543 blBEll
615 482 756 547 NONUS.
1091 493 1152 557 565

81 613 296 713 baptizavit,
313 613 433 715 ibique
446 615 585 690 cultum
593 615 812 712 divinitatis,
827 637 1044 723 cooperante
1055 623 1152 716 Deo,

82 732 239 803 instituit
257 734 418 831 primum
436 733 506 830 (1).
529 733 597 807 llic
613 734 788 809 nimirum
806 736 925 812 Graeci
937 753 975 813 et
987 738 1153 816 Armenii

80 864 116 921 et
138 851 216 946 Syri
235 852 372 948 pariter
392 866 685 942 commorantur,
708 868 744 926 et
766 880 787 926 a
810 854 1014 955 primordio
1036 855 1155 933 Chris·

81 968 255 1040 tianitatis
269 968 450 1041 coelorum
467 968 544 1067 regi
563 993 677 1068 usque
697 967 805 1045 hodie
822 971 1057 1047 famulantur.
1077 973 1154 1049 Ve-

79 1113 162 1157 rum
172 1142 183 1176 ,
201 1087 354 1186 peccatis
368 1084 616 1187 exigentibus,
636 1112 755 1186 nuper
766 1085 966 1189 disciplinae
983 1116 1057 1165 suoe
1075 1090 1152 1164 vira

79 1230 161 1302 gam
208 1206 301 1276 Deus
347 1205 505 1294 exeruit,
550 1220 588 1277 et
635 1204 828 1305 gentilium
875 1204 1155 1283 debacchatione

78 1319 367 1395 Christianorum
382 1322 570 1395 commissa
583 1322 747 1422 castigari
760 1322 936 1422 permisit.
949 1324 1054 1398 Unde
1063 1350 1154 1425 prae·

76 1440 277 1512 satacivitas
289 1438 765 1529 dominationiTurcorum,
776 1439 888 1514 veluti
898 1440 1155 1543 circumjacens

75 1558 195 1654 regio,
215 1557 404 1655 subjacuit.
421 1557 516 1629 Divo
527 1571 649 1629 tamen
664 1556 778 1629 cultui
793 1557 997 1631 voluntarie
1011 1559 1154 1633 manci·

74 1673 268 1770 pabantur,
289 1700 357 1746 nec
374 1673 447 1745 ulla
469 1697 696 1774 paganorum
711 1670 937 1748 districtione
957 1673 1074 1774 legem
1087 1674 1154 1749 Dei

73 1790 237 1864 deserere
258 1789 494 1892 cogebantur.
516 1791 620 1863 Cives
637 1791 758 1892 itaque
775 1788 978 1891 hujusmodi
995 1791 1155 1867 Franco·

74 1936 158 1980 rum
175 1910 337 1983 comitati
357 1906 717 2009 congratulabantur,
738 1923 776 1982 et
792 1909 844 1982 illi
856 1934 877 1983 e
891 1924 1018 1983 contra
1033 1908 1155 1981 utsra·

73 2041 147 2096 tres
164 2026 199 2097 in
219 2022 711 2100 omnibusamicabilitereos
722 2022 1048 2124 amplectebantur.
1064 2024 1154 2097 'l'ur-

74 2141 178 2241 gidus
210 2143 322 2242 igitur
358 2143 546 2241 princeps,
580 2141 695 2217 livore
723 2139 945 2243 perfidiaque
979 2155 1152 2234 caecatus,

74 2255 288 2330 Christianis
304 2256 448 2329 insidias
461 2255 676 2357 praetendit,
694 2272 732 2331 et
747 2255 901 2332 Stratori
917 2281 983 2331 suo
997 2255 1034 2329 in
1047 2279 1153 2355 expe·

71 2372 252 2446 ditionem
270 2376 370 2447 cunti
397 2375 661 2474 imperavitut,
687 2373 775 2448 dnm
790 2372 972 2464 redirent,
998 2372 1151 2453 Raldtti·

72 2518 165 2563 num
198 2493 382 2592 sociosque
411 2519 515 2585 suos,
548 2490 636 2566 dum
669 2492 843 2567 exarmati
877 2506 1013 2582 essent,
1043 2491 1150 2565 inva-

71 2607 195 2697 deret,
227 2626 263 2681 et
287 2608 422 2710 absque
449 2608 697 2685 misericordia
724 2607 955 2683 interficeret.
987 2604 1149 2683 Perfidus

71 2724 149 2797 doli
167 2726 294 2800 artilex
309 2727 494 2800 scelerosae
508 2726 674 2802 factionis
690 2724 786 2801 nefas
801 2724 1025 2841 prapstraxit.
1043 2720 1150 2818 Quod

71 2840 308 2933 Baldniuum,
324 2844 407 2944 quia
425 2841 529 2917 valde
543 2870 563 2916 a
578 2842 702 2917 multis
715 2841 916 2933 amabatur,
935 2866 1012 2916 non
1024 2840 1145 2915 latuit.

70 2960 113 3030 ln
137 2961 331 3033 remeando
355 2961 399 3034 de
420 2960 675 3065 expeditione,
693 2961 822 3063 pagani
846 2958 1087 3053 Christianos,
1105 2974 1149 3033 ut

72 3102 172 3147 arma
202 3075 428 3176 deponerent
450 3094 487 3151 et
502 3076 651 3151 liberius
667 3077 783 3167 irent,
803 3079 902 3180 quasi
916 3074 1073 3179 jocando
1088 3072 1149 3149 ad·

71 3211 311 3267 monuerunt.
331 3193 400 3267 Sed
416 3194 469 3267 illi
484 3193 610 3268 dolum
625 3211 886 3295 praecaventes,
901 3220 978 3270 non
995 3194 1148 3297 adquie-

70 3328 217 3383 verunt.
233 3311 415 3400 Tandem,
431 3309 518 3383 dum
534 3309 579 3384 ad
595 3309 724 3386 urbem
740 3311 1096 3411 appropinquarent,
1110 3326 1149 3385 et

69 3428 201 3501 Franci
216 3444 317 3501 caute
330 3429 367 3501 in
383 3428 494 3501 armis
510 3428 735 3531 equitarent,
754 3427 840 3503 dato
854 3428 979 3529 signo,
996 3426 1148 3528 gentiles

73 3547 110 3618 in
139 3543 346 3619 cossubito
376 3562 742 3646 praeoccupaverunt,
774 3560 812 3621 et
843 3544 1149 3621 machinationem

72 3665 246 3763 nequitiae
263 3690 335 3735 suae
346 3697 356 3753 5
374 3662 537 3738 feriendo
560 3662 715 3754 sodales,
740 3664 897 3764 turpiter
917 3661 1146 3738 detexerunt.

73 3777 268 3851 Christiani
286 3796 424 3867 autem,
442 3780 560 3852 Deum
574 3781 802 3869 invocantes,
818 3780 1049 3867 restiterunt,
1062 3777 1149 3852 viri·

73 3897 159 3969 liter
178 3896 295 3970 hostes
314 3913 586 3996 percusserunt,
614 3898 651 3970 in
672 3898 794 3999 sogam
815 3897 1089 3998 compulerunt,
1111 3912 1149 3971 et

72 4015 249 4113 fugientes
260 4014 434 4114 quosdam
446 4014 677 4104 occiderunt,
693 4015 852 4116 aliosque
861 4013 1024 4090 feriendo
1035 4038 1149 4116 usque

77 4185 195 4193 -—---

113 4266 151 4337 (ι)
167 4266 259 4320 totu
273 4267 421 4323 cidossns.
440 4278 458 4320 t.
473 4269 497 4333 l,
515 4288 541 4340 p.
555 4266 616 4343 519.
