3046 5244
230 432 337 511 [root]
610 430 727 495 trees
747 430 935 497 ocrsvus.
1241 426 1302 498 ⁴17

283 565 371 636 Pace
389 564 478 635 laeta
501 566 595 636 iuter
612 588 790 664 pugnaces
810 564 1051 651 adversarios,
1069 564 1194 637 miultis
1212 590 1303 665 gau-

231 680 417 768 dentibus,
438 682 532 753 solus
551 679 755 754 Rodbertus
772 682 1004 755 belesmensis
1023 679 1219 755 admodum
1233 683 1303 754 luit

233 804 362 888 iratus,
380 801 463 899 quia
492 801 565 898 ipse
591 798 634 873 ad
659 800 850 874 consilium
875 800 992 899 pacis,
1019 825 1064 873 ne
1090 798 1300 899 impediret,
1338 870 1341 875 .

231 944 305 991 uon
334 918 449 990 luerat
479 918 669 1005 inuitatus,
696 918 759 1018 qni
788 918 992 1018 praecipuus
1017 915 1234 1017 proesederat
1258 916 1303 991 ad

230 1036 378 1109 bellicos
398 1052 606 1134 apparatus,
628 1052 668 1108 ut
686 1052 790 1109 atrox
811 1052 848 1109 et
866 1051 1058 1135 protervus
1077 1034 1188 1110 bostis
1210 1062 1301 1109 con·

229 1153 443 1226 funderetur
455 1171 653 1252 superatus.
674 1152 850 1226 Rodberti
872 1154 969 1226 enim
986 1155 1136 1254 argutiae
1150 1170 1186 1227 et
1208 1155 1303 1227 vires

229 1267 465 1341 formidandae
491 1293 600 1367 super
622 1294 748 1342 omnes
766 1268 855 1341 alios
877 1269 1165 1367 praevaluerunt,
1187 1286 1223 1344 et
1243 1270 1304 1341 in-

230 1386 366 1483 signem
389 1410 493 1457 sensu
517 1383 717 1485 militiaque
737 1382 949 1484 praedonem
967 1383 1142 1458 mirandis
1161 1384 1305 1459 macbi-

230 1502 436 1575 nationibus
451 1517 679 1591 terruerunt,
695 1527 804 1603 quem
821 1517 925 1574 autea
944 1526 1047 1603 reges
1059 1516 1097 1575 et
1112 1500 1237 1591 duces,
1263 1504 1301 1574 in

228 1620 325 1718 asylo
341 1646 406 1692 suo
425 1619 626 1710 ludentem,
649 1635 686 1693 et
703 1620 869 1693 inimicos
884 1619 1010 1692 multis
1025 1604 1192 1692 versutiis
1212 1617 1302 1693 sub·

225 1754 451 1825 sannantem,
464 1764 482 1807 a
495 1735 678 1809 cachinnis
691 1734 861 1809 cohibere
871 1736 1126 1836 nequiverunt.
1138 1736 1303 1836 Denique

226 1855 395 1953 praelatus
413 1854 537 1942 miles,
557 1869 598 1925 ut
615 1851 848 1927 concordiam
866 1854 962 1926 inter
977 1850 1159 1927 discordes
1171 1852 1302 1927 lactem

227 1972 417 2068 cognovit,
441 1995 575 2044 cuneos
594 1995 675 2043 suos
701 1971 869 2070 protinus
887 1970 1119 2057 convocavit,
1139 1969 1304 2070 nullique

226 2087 389 2161 fraudem
403 2090 456 2161 sui
475 2087 594 2162 cordis
614 2088 804 2187 detegens,
828 2089 1039 2162 festinanter
1058 2088 1250 2178 mmearit,
1266 2104 1303 2162 et

227 2204 272 2278 ad
286 2206 458 2279 Sanctum
471 2206 683 2278 cerenicum
697 2207 755 2303 (r)
775 2226 884 2305 super
901 2203 1128 2278 liudbertum
1146 2204 1302 2278 Geroia-

229 2350 375 2396 numer
391 2325 586 2423 improviso
597 2322 816 2398 convolavit.
834 2323 1037 2421 Municipes
1049 2338 1184 2410 autem,
1200 2320 1303 2396 Rod-

229 2440 373 2515 bertum
400 2444 437 2514 in
460 2440 689 2540 expeditione
713 2439 873 2541 generali
896 2466 980 2514 eum
997 2437 1088 2515 duce
1112 2455 1299 2541 putantes,

227 2562 411 2647 exierant,
439 2576 475 2633 et
497 2560 647 2658 sparsim
672 2584 740 2658 per
763 2585 870 2658 agros
887 2560 1001 2632 securi
1021 2584 1090 2659 pro
1112 2557 1220 2631 libitu
1236 2583 1302 2631 suo

226 2677 489 2750 discurrebant.
509 2678 672 2777 Cumque
685 2679 783 2751 valer
797 2675 987 2751 insidiator
1002 2703 1085 2751 cum
1103 2677 1216 2775 copiis
1230 2676 1302 2749 suis

226 2810 376 2892 repente
399 2796 570 2881 irrueret,
593 2810 629 2865 et
648 2790 823 2892 oppidum
842 2792 1001 2893 ingredi,
1021 2794 1302 2894 castellanosque

225 2910 291 2984 sibi
323 2911 444 2984 subire
471 2928 670 3011 satageret,
698 2911 898 2985 Geroianus
925 2929 1016 2985 nutu
1040 2914 1105 2985 Dei
1133 2910 1301 2986 hostilem

225 3032 401 3131 impetum
419 3032 615 3129 praevenit,
634 3046 671 3102 et
687 3033 929 3105 munitionem
947 3059 1030 3105 cum
1048 3032 1119 3104 suis
1135 3030 1302 3105 celeriter

228 3147 397 3236 intravit,
414 3164 451 3220 ct
463 3147 715 3237 Ilclesmcnsis,
734 3147 833 3247 quod
847 3148 940 3222 velle
952 3175 1056 3221 suum
1069 3147 1113 3221 de
1127 3145 1302 3247 capiendo

226 3281 344 3337 castro
362 3266 573 3335 frustratum
595 3280 665 3352 est,
687 3264 815 3337 doluit.
839 3263 976 3338 Deinde
996 3264 1040 3337 ad
1064 3262 1301 3363 praedandum

227 3404 301 3451 sese
329 3381 532 3469 convertit,
564 3407 678 3452 unum
707 3379 860 3452 militem
890 3378 1044 3468 occidit,
1074 3393 1112 3451 et
1144 3378 1300 3478 plurima

226 3496 357 3568 damna
375 3499 470 3569 lecit.
491 3496 548 3570 Sic
568 3497 729 3596 nequitia
748 3497 821 3596 ejus
844 3514 879 3569 et
902 3500 997 3571 lraus
1019 3494 1156 3572 detecta
1176 3512 1247 3586 cst,
1265 3511 1302 3568 et

228 3613 357 3686 exinde
369 3615 553 3686 manifesta
568 3639 697 3713 querca
715 3613 881 3688 inchoata
889 3632 955 3688 cst.
966 3614 1167 3689 Geroianus
1180 3630 1302 3687 autem

227 3728 455 3801 Goisl'rednm
471 3729 515 3801 de
540 3728 704 3803 Madenia
729 3732 805 3830 (a),
834 3747 872 3804 et
894 3730 1130 3804 Guillelmum
1156 3729 1201 3803 de
1224 3729 1300 3804 Sil·-

228 3846 298 3919 leio
310 3850 386 3944 (ὃ),
402 3847 561 3947 aliosque
573 3848 749 3946 plurimos
765 3847 994 3924 auxiliatores
1007 3847 1154 3939 babuit,
1170 3864 1301 3922 totam·

264 4051 303 4120 (a)
319 4050 681 4105 saiaucusitare-sane.

262 4142 301 4211 (a)
312 4139 436 4194 Gcollroi
451 4140 486 4193 ‹lc
500 4141 643 4213 blayenne.

266 4227 304 4297 (5)
320 4229 614 4289 Sitne-tettmttaums·,
629 4234 643 4284 ir
654 4229 777 4285 distance·
787 4230 864 4301 egat«-
874 4229 1025 4300 ddlenqou
1039 4234 1053 4283 ie
1067 4230 1215 4299 blancum,
1230 4230 1301 4281 avait

306 4345 357 4389 lll.
1108 4348 1149 4417 '17
