3046 5244
97 481 303 559 [nott-1088}
471 478 587 541 LIBER
607 478 792 541 OCTAVUS.
1103 484 1164 543 269

96 612 333 715 spoliabimur
341 612 380 681 in
389 610 528 707 Anglin
538 612 684 710 magnis
695 610 910 701 redditibus,
921 625 956 683 et
960 612 1164 713 pracipuis

96 728 302 802 honoribus.
319 728 474 816 Rursus,
492 731 527 800 si
539 729 618 823 regi
633 728 664 799 G
670 726 832 799 aillermo
849 752 1009 825 congrae
1020 752 1163 828 parne-

97 852 227 934 rimas,
242 843 441 916 Radbertus
454 843 534 915 dac
554 846 591 915 in
603 842 834 915 normannia
843 851 989 943 penitas
1004 844 1163 942 privabit

98 990 162 1035 nos
193 964 356 1063 paternis
384 960 658 1033 hereditatibus.
693 959 928 1060 Summopere
957 961 1162 1033 cavendam

96 1097 209 1151 estne
225 1079 296 1150 tale
313 1077 503 1151 divortium
521 1080 711 1177 contingat
726 1079 831 1151 nobis
854 1077 920 1149 sah
929 1079 1162 1180 principibus

98 1196 172 1286 tis,
191 1195 301 1295 quale
317 1195 383 1267 sab
402 1195 564 1267 Roboam
581 1210 616 1268 ct
633 1195 855 1269 Hieroboam
872 1199 1022 1294 contigit
1040 1204 1162 1270 lsrae-

96 1316 176 1385 litis.
200 1314 303 1385 Unus
315 1313 477 1414 populas
490 1340 559 1411 per
570 1315 663 1385 daos
677 1315 860 1414 principes
879 1316 918 1386 in
933 1341 1012 1387 sese
1025 1315 1161 1389 divisas

98 1447 166 1517 cst,
185 1446 218 1502 et
232 1429 330 1528 lege,
347 1429 501 1531 templo,
517 1433 809 1530 caeremoniisque
823 1433 895 1503 Dei
904 1432 1160 1532 pessundatis,

98 1550 133 1617 in
151 1548 379 1646 apostasiam
397 1547 525 1648 lapsus
538 1565 603 1620 est.
622 1548 685 1621 Sic
705 1547 854 1621 llebreei
865 1576 934 1650 per
949 1549 1163 1622 detestabile

97 1664 289 1736 dissidium
314 1667 353 1737 in
379 1691 449 1737 sna
473 1667 617 1737 viscera
644 1667 812 1764 nequiter
831 1669 970 1738 armati
996 1682 1101 1756 sant,
1129 1684 1163 1738 et

98 1783 284 1851 servientes
301 1780 454 1851 Baalim
472 1781 588 1852 ntalta
606 1808 752 1853 suoram
775 1780 893 1853 millia
916 1783 1159 1855 trucidarant.

97 1898 388 1997 Adpostremam
399 1924 485 1970 aero
493 1924 584 1999 pars
595 1924 735 1985 eoram,
750 1899 815 1997 qai
831 1924 1020 1997 nunqnam
1029 1913 1160 1999 postea

97 2014 297 2102 redierant,
323 2014 388 2086 snb
410 2018 575 2108 Assyriis
591 2020 629 2086 in
648 2015 814 2089 Mediam
832 2018 1020 2116 captivata
1039 2033 1110 2102 est,·
1129 2034 1163 2088 et

98 2132 172 2203 alia
190 2158 282 2231 pars
308 2131 374 2203 snb
404 2131 592 2206 Cltaldaeis
615 2132 885 2230 Babylonicam
915 2135 1162 2233 captivitatem

94 2275 208 2345 passa
222 2265 287 2319 est.
302 2250 353 2319 Et
372 2249 538 2322 Thebais
558 2251 651 2349 qaid
669 2252 820 2349 contigit
835 2248 901 2322 sab
917 2250 1060 2321 dnobus
1072 2248 1161 2348 fra·

97 2364 205 2437 tribas
216 2365 362 2438 Eteocle
374 2384 407 2438 et
419 2366 617 2439 I'olinicc?
627 2366 760 2439 Nonne
773 2367 889 2439 multa
904 2366 1018 2438 millia
1033 2369 1162 2439 atrias·

96 2510 161 2582 qne
175 2488 294 2582 partis
313 2482 549 2557 corruerant?
568 2485 633 2558 Ad
655 2483 820 2558 altimum
840 2512 924 2558 vera
941 2485 1016 2584 ipsi
1017 2482 1161 2582 fratres

97 2604 228 2674 mutuis
250 2602 461 2675 vulneribus
483 2604 733 2692 conciderunt,
753 2620 788 2675 et
808 2604 998 2676 extraneis
1013 2627 1159 2676 sncces-

96 2716 235 2790 sorihas
254 2718 514 2791 hereditarium
529 2723 598 2821 jas
615 2720 857 2795 dimiserant?
878 2722 968 2793 Hac
987 2736 1022 2791 et
1045 2721 1161 2793 malta

97 2833 309 2935 hujusmodi
339 2837 489 2910 solerter
520 2840 654 2910 intaeri
682 2838 871 2925 debemus,
902 2856 936 2911 et
965 2838 1165 2940 prudenter

93 2979 298 3049 pracaeere
323 2982 368 3025 ne
392 2982 459 3053 per
484 2956 676 3029 consiliam
690 2958 853 3056 juvenile
864 2982 1082 3057 pereamus;
1100 2960 1160 3027 in-

97 3068 261 3142 violabile
267 3066 405 3166 scedas
416 3070 575 3169 fimeiter
593 3075 777 3163 ineamus,
798 3090 832 3145 et
855 3073 1054 3145 Gnilieimo
1077 3099 1161 3169 rege

95 3183 236 3285 dejecto
258 3191 316 3259 eei
337 3185 546 3287 interfecta,
572 3193 636 3288 qai
654 3192 876 3290 juniorem,
899 3207 933 3261 et
951 3208 1155 3291 protervas,

97 3318 127 3371 et
143 3306 209 3373 etti
222 3302 315 3374 nita!
329 3304 502 3378 debemus
511 3364 522 3395 ‚
542 3306 766 3379 Roclbertam
786 3307 934 3394 (lacem,
959 3310 1023 3405 qui
1044 3310 1162 3407 major

93 3437 182 3492 natu
203 3439 276 3511 est,
290 3440 325 3495 et
346 3425 577 3497 tractabilior
593 3424 750 3497 moribus
758 3482 770 3514 ‚
788 3442 822 3496 et
835 3428 897 3497 cai
910 3423 1155 3524 jamdudum,

95 3541 232 3611 tn'rentc
252 3559 360 3641 patre
381 3542 566 3613 amborum
575 3602 588 3633 ,
601 3542 823 3641 fidelitatem
847 3544 1056 3642 juravimus
1080 3544 1156 3638 (1),

95 3660 294 3760 principem
305 3662 455 3756 Angiite
467 3662 725 3751 acA'eastriae,
742 3660 796 3732 ad
806 3660 1022 3732 servandam
1037 3664 1159 3733 anita-

97 3789 158 3843 tern
177 3777 365 3874 atriasqne
383 3782 505 3875 regni,
525 3785 802 3851 constituamus.

139 3890 216 3961 Hoc
245 3892 362 3990 itaque
392 3894 580 3966 consilinm
609 3892 688 3966 Odo
717 3894 847 3992 praesul
878 3892 1094 3992 Bajocensis‚
1121 3907 1157 3959 et

99 4062 227 4076 *n——n—

127 4174 148 4219 Is
175 4172 214 4223 Cr
227 4182 348 4223 serment
364 4174 512 4227 rcmontait
526 4172 734 4244 prolablemcnt
747 4177 761 4225 ’s
776 4172 902 4244 l'ipoquc
913 4170 977 4224 d'ois
991 4168 1097 4221 Robcrt
1110 4168 1158 4219 fai·

100 4258 142 4309 san
156 4261 244 4329 partic
257 4277 306 4313 soa
321 4263 508 4315 associatione
522 4262 546 4314 la
559 4263 748 4315 eous-ernincia
761 4260 797 4315 de
810 4259 836 4313 la
849 4256 1019 4313 Narmandie
1030 4258 1131 4330 (¹⁰:72²
