3046 5244
121 496 225 569 [nisu
483 490 600 551 tunes
621 492 823 553 serrruus.
1126 495 1187 557 ers

120 625 282 699 visitandi
296 643 372 723 grat
382 627 409 695 iu
423 622 632 712 veuielnut,
649 643 841 724 eoeperuut
855 652 923 724 pro
937 627 1081 711 vinctis,
1097 654 1187 727 quos

120 744 312 813 incarcere
326 739 487 828 tenebat,
507 764 590 811 eum
602 740 722 829 attari,
739 770 797 827 ac,
816 758 854 812 ut
871 742 1102 813 misereretur
1115 743 1184 831 eis,

118 877 150 932 et
171 860 366 943 relaxaret,
395 858 605 954 suppliciter
623 856 826 957 deprecari.
852 857 988 951 Quibus
1010 861 1084 956 ipse
1107 862 1183 932 ait:

118 979 340 1064 stlnrcarnnt,
355 975 510 1046 nabilem
519 976 721 1071 Anglorurn
735 980 910 1065 conn'tem,
917 979 1002 1077 jam
1010 978 1075 1048 diu
1087 980 1186 1051 vinc·

118 1112 187 1165 turn
209 1099 326 1181 tenui,
344 1112 377 1163 et
393 1094 527 1192 injuste
534 1128 550 1179 ,·
569 1095 636 1166 sed
647 1120 715 1193 pro
732 1097 875 1184 timore,
895 1121 941 1167 ne
953 1121 1021 1195 per
1033 1120 1133 1183 enni,
1151 1099 1185 1168 si

117 1208 353 1307 iiberjirisset,
370 1208 573 1282 turbaretur
584 1236 734 1309 regnunt
747 1211 901 1309 Anglire
915 1213 983 1307 (t).
999 1212 1183 1309 Bogerum

117 1354 198 1397 vern
215 1328 262 1399 de
282 1326 435 1398 Britalio
453 1328 522 1420 (π),
543 1330 633 1427 quia
648 1328 761 1400 valde
777 1330 1040 1400 contumaciter
1058 1344 1184 1398 contra

116 1442 321 1542 rnejitrnit,
347 1461 380 1514 et
400 1440 601 1542 Radrtffurn
622 1444 669 1515 de
690 1445 846 1518 Gnader
859 1450 1033 1515 sororium
1054 1471 1180 1533 nnnn,

116 1577 146 1630 et
159 1560 293 1631 inultos
310 1560 406 1631 alins
424 1565 460 1630 r'n
480 1585 536 1631 rne
548 1565 771 1659 provocavit,
791 1565 828 1632 in
846 1560 1004 1632 vinculis
1023 1564 1181 1647 arctavi,

115 1694 153 1748 et·
171 1678 275 1777 qttod
301 1681 337 1749 in
367 1680 446 1750 uita
475 1706 556 1750 mea
585 1705 657 1750 non
688 1679 929 1777 egrederetur,
951 1682 1091 1779 juravi.
1119 1678 1183 1751 Sic

115 1794 245 1865 rnrdtos
258 1796 416 1868 vinculis
429 1797 539 1888 injeci
548 1822 600 1867 ex
612 1798 737 1867 merito
747 1799 909 1899 propria
919 1799 1179 1895 perversitatis,

115 1915 273 2011 aliosque
288 1912 414 2012 plnres
428 1940 498 2011 pra
511 1929 607 1984 metu
607 1911 755 2011 sutura.²
767 1914 970 1986 seditiones.
990 1916 1071 1986 Hoc
1085 1916 1182 1985 enine

116 2057 263 2103 centurn
283 2030 508 2103 rectitudinis
524 2036 655 2129 erigit,
675 2050 708 2103 et
724 2033 849 2104 diuina
867 2034 927 2104 lese
943 2059 1010 2131 per
1024 2034 1181 2129 Meysen

114 2149 305 2220 rectoribus
330 2148 428 2219 urhis
452 2154 641 2251 precipit,
669 2166 708 2221 nt
731 2153 974 2249 comprimant
994 2168 1178 2235 nocentes,

114 2293 154 2337 ne
170 2269 357 2368 perimant
375 2271 582 2339 innocentes
603 2268 670 2363 (5).
695 2267 806 2339 Nunc
823 2285 945 2338 nutem
964 2269 1002 2337 in
1025 2267 1180 2339 articulo

113 2389 234 2457 mortis
252 2388 415 2485 pontus,
436 2388 532 2457 sicut
555 2403 641 2486 opta
665 2385 818 2470 salvari,
838 2400 872 2455 et
884 2411 954 2485 per
974 2386 1178 2457 misericor·

113 2500 209 2571 diam
240 2502 311 2571 nei
332 2529 355 2570 a
382 2503 538 2573 reatibus
565 2504 653 2573 nteis
678 2500 835 2583 absolui,
864 2505 916 2573 sic
941 2526 1064 2571 ornnes
1091 2526 1179 2571 ntae

107 2620 216 2715 juben
234 2645 396 2691 carceres
414 2623 573 2716 aperiri,·
592 2645 783 2720 omnesque
800 2622 938 2691 uinctos
950 2614 1179 2718 prieterfra·

114 2752 194 2807 trent
213 2758 345 2824 ntetnn,
375 2736 617 2835 anoeensem
632 2739 858 2838 episcopum,
878 2734 1060 2823 relaenri,
1084 2733 1177 2806 tibe-

112 2880 238 2952 rosqne
254 2882 321 2952 pra
340 2880 465 2925 nutare
484 2855 571 2942 Dei,
598 2871 636 2927 ut
661 2857 739 2954 ipse
761 2852 849 2925 nn'iti
871 2858 1093 2938 misereatur,
1114 2852 1177 2922 di-

112 2976 212 3042 nn'tn'.
235 2972 339 3043 Neri
360 2990 479 3043 tarnen
499 2972 565 3042 tali
584 2989 704 3044 tenore
723 2970 770 3042 de
791 2998 934 3043 carcere
953 2972 1174 3070 precedant,

113 3104 147 3156 ut
159 3103 269 3159 antea
281 3087 530 3187 jurejurando
542 3090 768 3159 securitatem
782 3085 989 3186 reipublicee
1003 3087 1177 3157 ministris

100 3206 269 3296 jaciant,
291 3204 391 3302 qrtad
403 3232 532 3304 paean
554 3208 592 3275 in
609 3204 748 3302 Anglin
763 3222 797 3275 ct
813 3204 1047 3275 Norntannia
1063 3205 1177 3274 omni-

111 3319 172 3391 irus
189 3322 309 3394 modis
329 3339 489 3409 teneant,
510 3339 543 3392 et
558 3326 662 3420 pacis
679 3320 897 3392 adversariis
911 3346 1096 3420 proposse
1110 3346 1177 3391 sna

115 3440 264 3511 uiriliter
281 3443 463 3511 resistant.

152 3556 315 3657 Cumque
328 3555 548 3643 Rrulbertus,
567 3556 738 3627 Moritoiii
757 3581 888 3643 comes,
902 3555 1052 3627 audisset
1065 3557 1174 3655 reguli

111 3676 278 3747 sententia
312 3678 461 3747 srutreru
495 3701 598 3745 suum
629 3690 805 3772 perpetuo
840 3674 986 3761 vinciri,
1021 3674 1175 3745 multum

148 3948 180 4013 ¹1)
195 3948 287 4018 taret
301 3946 449 4007 ci-dessus,
466 3958 484 3999 t.
502 3948 541 4005 tt,
558 3966 584 4018 p.
601 3946 661 3999 ¹116.

147 4038 181 4104 ἴα)
195 4036 280 4091 Itn'd..
295 4055 322 4106 p.
338 4034 398 4089 258·

144 4122 180 4193 (3)
195 4126 271 4179 Nous
289 4144 324 4177 ne
339 4134 470 4179 trourous
488 4126 565 4196 point
581 4125 650 4189 stans
666 4125 690 4179 le
707 4127 897 4197 Pentateuquc
910 4125 936 4177 ie
951 4142 1061 4196 passage
1074 4122 1174 4196 auquel

117 4230 154 4259 «ἐκ
166 4214 270 4283 pat-ute«
285 4216 340 4266 t'out
357 4212 471 4266 attusinn
1141 4196 1147 4219 '
