3046 5244
226 411 335 487 [1090]
600 370 718 471 risen
739 406 926 469 ocrsvus.
1238 409 1300 477 sss

225 539 393 613 salubria
417 554 502 611 sunt
526 557 560 611 et
582 564 846 642 permansura,
870 539 1046 615 oblivioni
1060 540 1233 614 tenditis?
1255 540 1302 615 Si

226 660 393 730 miserias
416 673 452 728 et
475 673 674 747 tormenta,
697 684 782 759 quse
803 657 901 730 male
923 657 1077 732 ut'eendo
1093 660 1298 747 meremini,

226 776 386 864 sciretis,
404 791 437 846 et
451 773 635 848 horrenda
649 802 731 876 quoe
745 775 854 848 modo
867 776 968 866 vidi,
982 802 1058 849 nnn
1071 776 1200 851 saltem
1211 774 1301 849 tora

225 893 418 982 sentiretis,
429 895 555 965 omnin
565 892 727 993 prnjecto
736 893 1028 968 lnbentissoeculi
1038 893 1302 968 delectamenta

223 1038 295 1112 pro
325 1010 442 1084 nihilo
472 1013 717 1085 oesti'mnretis.
749 1013 834 1086 ttaec
863 1010 986 1086 dicens
1019 1027 1056 1085 et
1087 1012 1142 1085 his
1170 1008 1302 1085 addere

227 1129 331 1227 plura
359 1128 504 1219 volens,
530 1126 715 1201 obmutuit
723 1159 734 1218 ;
761 1145 798 1201 et
819 1128 976 1203 famosus
994 1129 1096 1227 optio
1116 1129 1187 1217 sic,
1205 1129 1302 1202 inter

228 1245 336 1317 verba
356 1243 542 1335 deficiens,
559 1245 745 1319 hominem
762 1246 875 1319 exuit.

277 1363 340 1433 His
368 1363 414 1433 ita
442 1363 566 1462 gestis,
593 1361 667 1435 dux
690 1363 877 1436 Brioninm
894 1363 1052 1463 Rogerio
1071 1361 1245 1452 reddidit,
1266 1377 1303 1436 et

229 1478 417 1552 Rodberto
430 1480 604 1578 municipi
620 1482 860 1579 compatiens,
879 1481 1039 1580 patrium
1051 1478 1197 1555 seudum
1211 1506 1303 1581 pro-

227 1597 327 1670 misit
336 1604 365 1693 (ι
375 1602 402 1693 ).
416 1596 553 1671 Amicis
565 1597 664 1673 enim
675 1614 713 1672 et
722 1596 935 1699 parentibus
945 1597 1142 1675 admodum
1154 1599 1306 1699 stipatus

264 1875 303 1942 (1)
316 1872 392 1927 Nous
402 1890 485 1928 avons
495 1892 531 1928 sn
542 1872 693 1939 sidentur,
707 1891 736 1947 p.
749 1869 818 1941 263,
833 1889 890 1947 qus
902 1869 930 1927 le
941 1870 997 1927 duc
1009 1869 1118 1928 Robcrt
1128 1872 1202 1927 avait
1213 1870 1307 1946 septis

229 1968 244 2017 'a
260 1963 353 2035 Roger
367 1963 403 2018 de
415 1966 570 2019 Beaumont
582 1965 609 2020 le
623 1964 741 2019 chiteau
755 1962 857 2031 d'lvri,
871 1961 1014 2038 jusque-lt
1028 1961 1118 2019 confi&
1129 1965 1145 2018 t
1157 1980 1186 2017 sa
1201 1960 1303 2037 garde.

230 2070 302 2125 pour
320 2053 345 2106 le
366 2054 475 2108 donner
494 2058 510 2108 'a
529 2053 693 2109 Guiliaume
710 2053 746 2108 dc
763 2051 900 2121 Breteuil‚
915 2063 943 2109 ct
958 2071 1013 2128 que
1030 2052 1126 2127 Roger
1145 2053 1217 2108 avait
1237 2070 1305 2125 recu

230 2143 351 2197 Brionnc
365 2164 400 2198 en
412 2143 683 2217 dedommagcment.
697 2144 773 2199 C'est
785 2153 882 2197 contre
895 2152 939 2197 cet
952 2142 1077 2216 &change
1089 2160 1145 2216 que
1156 2144 1248 2197 venait
1262 2146 1304 2197 re·

230 2233 333 2289 clamer
344 2234 368 2286 le
378 2245 470 2289 cointe
482 2234 516 2288 de
529 2233 656 2301 Meuian,
673 2234 714 2288 fils
726 2233 761 2288 de
775 2232 880 2307 Roger.
888 2233 919 2311 ¹ll
932 2253 968 2289 ne
979 2235 1038 2289 iaut
1051 2251 1099 2307 pas
1111 2231 1267 2289 confundis
1276 2231 1304 2287 la

231 2326 385 2397 possession
397 2324 434 2379 dn
443 2326 559 2380 chiteau
571 2325 655 2380 d'lvri
663 2324 760 2380 arecia
768 2324 873 2399 charge
885 2324 1045 2382 subalterne
1055 2325 1091 2380 de
1100 2323 1197 2399 prdsdt
1206 2322 1302 2390 d'Isri,

228 2417 387 2489 qn'nsceiin
400 2418 472 2472 Goel
484 2418 604 2490 erercait
616 2420 631 2472 ὲ
644 2418 710 2471 titre
722 2414 908 2483 hereditatio,
922 2426 1003 2471 avant
1015 2415 1051 2473 de
1065 2416 1147 2472 s'dtre
1159 2415 1209 2471 tait
1221 2414 1304 2471 cedet·

230 2503 255 2559 ie
270 2505 386 2559 chitean
397 2506 617 2579 parGuillaumc
625 2505 661 2561 de
673 2505 810 2571 Breteuil,
827 2522 938 2560 comme
951 2522 1022 2559 nous
1032 2522 1136 2559 venons
1148 2504 1184 2559 de
1194 2505 1220 2560 ic
1232 2504 1303 2558 noir.

264 2596 380 2651 suivant
405 2598 431 2651 ie
454 2599 654 2653 continuateur
676 2596 712 2651 dc
737 2595 900 2652 Guiliaume
924 2595 959 2650 de
979 2597 1138 2669 seiunge,
1165 2612 1197 2650 ce
1221 2594 1304 2649 serait

230 2681 325 2751 Roget
343 2684 379 2739 dc
400 2686 549 2753 Bienfaitc,
569 2697 599 2741 et
618 2703 674 2740 non
694 2684 802 2741 Robert
819 2684 855 2740 de
873 2684 993 2751 Mendes,
1010 2685 1060 2759 qui
1077 2683 1169 2739 aurait
1184 2682 1305 2738 eddame'

229 2773 365 2842 Brionnc;
381 2776 450 2829 mais
464 2776 558 2849 Roget
576 2776 611 2832 de
627 2776 764 2832 Bieniaite
780 2786 809 2832 ct
827 2791 877 2830 ton
891 2777 958 2849 pere
971 2777 1080 2830 avaient
1092 2774 1154 2846 dejt
1169 2776 1216 2829 etd
1228 2770 1304 2827 suffi-

229 2874 365 2917 samment
375 2863 573 2938 dedommage's
582 2864 618 2919 dc
628 2863 654 2919 la
664 2866 820 2919 successiou
832 2863 872 2918 du
880 2874 972 2919 comte
981 2862 1124 2920 Gisiebert
1136 2861 1172 2917 dc
1183 2863 1305 2918 Briouue

230 2970 279 3021 par
292 2950 331 3003 ies
347 2962 434 3004 tenes
447 2951 486 3005 du
503 2954 633 3007 lionimet
645 2971 680 3007 en
695 2952 868 3008 Normandic
880 2962 909 3006 ct
921 2951 955 3006 de
969 2951 1137 3025 Tunbridgc
1151 2969 1185 3006 en
1199 2950 1305 3026 Aegle·

229 3051 317 3107 terre,
340 3042 432 3096 tundis
452 3062 506 3116 qne
527 3043 672 3099 Baudouin
693 3043 728 3099 de
745 3043 852 3099 Mcules
867 3055 895 3098 et
914 3061 956 3098 ses
970 3041 1154 3103 descendants
1168 3042 1305 3097 n'avaient

228 3149 330 3186 encore
348 3152 413 3205 recu
428 3152 519 3187 aucun
534 3134 694 3207 e'quis'alent
712 3152 785 3208 pour
802 3133 862 3188 leur
879 3143 943 3205 part
959 3132 1029 3188 daus
1045 3143 1119 3188 cette
1137 3133 1305 3187 succession.

232 3223 266 3276 Le
283 3223 338 3276 duc
354 3223 459 3278 Robert
476 3244 510 3278 ne
528 3228 641 3298 pouvait
657 3225 762 3281 confier
780 3227 901 3281 Brioune
918 3230 987 3280 iun
1000 3224 1139 3280 chitelain
1154 3224 1217 3297 ptus
1232 3225 1306 3280 intc-

230 3316 333 3366 resse'is
352 3312 377 3366 le
392 3312 527 3369 defendes
543 3325 640 3370 contre
658 3316 698 3371 les
715 3316 859 3389 seigneurs
875 3313 911 3370 de
928 3313 1235 3387 &eumont-lelium
1251 3331 1308 3389 que

232 3400 337 3455 ttobert
349 3401 384 3456 dc
397 3402 517 3469 Mendes
534 3404 663 3476 petit-fils
677 3405 717 3459 du
730 3406 915 3478 proprietam
926 3403 1050 3478 primitis
1054 3446 1061 3471 ,
1074 3403 1101 3459 le
1111 3412 1203 3459 comte
1213 3404 1308 3460 Gitie·

229 3492 302 3545 bert.
320 3493 429 3559 ilmina,
444 3496 519 3547 merc
530 3495 565 3549 dc
579 3494 685 3549 Robert
697 3494 733 3549 de
746 3495 865 3562 dleuics,
879 3497 946 3550 tuit
961 3494 1016 3549 fitte
1026 3495 1111 3550 d’unc
1125 3504 1202 3549 tante
1213 3492 1253 3549 du
1265 3495 1307 3549 roi

227 3581 406 3645 Guiilaume,
431 3585 573 3655 pent-itte
593 3584 728 3652 deiende,
753 3585 855 3640 femme
875 3584 910 3640 de
931 3582 1049 3640 Renaud
1070 3585 1106 3641 dc
1127 3585 1306 3659 Bourgogne.

230 3669 312 3725 Aioi-s
329 3672 437 3727 liobert
454 3677 545 3729 aurait
560 3694 596 3729 cu
613 3694 714 3730 encore
729 3678 744 3729 is
762 3675 832 3730 faire
849 3675 937 3729 valnir
953 3693 1003 3730 sut·
1019 3675 1141 3731 Brionue
1157 3692 1215 3731 une
1229 3684 1308 3729 autre

231 3765 405 3832 metentium
423 3783 531 3819 comme
547 3784 634 3820 neveu
648 3766 683 3820 de
696 3766 756 3821 Gui
770 3766 806 3821 de
818 3766 996 3839 Bourgogue.

265 3854 288 3906 A
304 3852 450 3908 l'oceasiou
468 3854 508 3909 du
522 3856 639 3911 chiteau
652 3855 687 3912 de
702 3855 884 3930 Tuubridge,
898 3855 992 3912 donnd
1004 3860 1019 3911 h
1033 3853 1159 3912 Richatd
1173 3854 1209 3908 de
1224 3854 1307 3907 Bien-

230 3942 295 3995 ieite
311 3962 346 3998 en
364 3946 489 4019 echange
508 3946 543 4003 dc
562 3947 698 4015 Erinnae,
714 3947 740 4003 le
757 3948 957 4003 continuateur
973 3947 1009 4003 dc
1025 3946 1189 4005 Guillaume
1204 3943 1240 3998 de
1255 3944 1307 3997 Ju-

231 4034 335 4105 snieges
351 4048 481 4109 rapportc
496 4038 675 4094 i'historictte
689 4039 815 4095 suivante

268 4125 341 4177 Sunt
349 4130 528 4198 antiquorum
536 4130 658 4200 plurimi,
669 4133 719 4202 qni
727 4130 824 4183 dicunt
833 4128 911 4201 qiind
921 4127 1087 4185 Ricltnreins,
1097 4136 1181 4196 puter·
1190 4124 1295 4195 lingere
1301 4167 1307 4181 .

231 4236 282 4282 μιν»
298 4224 459 4285 repetitione
475 4220 599 4289 ejusdem
615 4225 702 4274 cnstri
717 4220 823 4274 diadum
841 4226 868 4273 in
890 4221 997 4290 Anglin
1012 4228 1158 4287 acceptent
1175 4213 1308 4287 oppidum
