<?xml version="1.0" encoding="UTF-8"?>
<!DOCTYPE html PUBLIC "-//W3C//DTD XHTML 1.0 Transitional//EN"
    "http://www.w3.org/TR/xhtml1/DTD/xhtml1-transitional.dtd">
<html xmlns="http://www.w3.org/1999/xhtml" xml:lang="en" lang="en">
 <head>
  <title>
</title>
<meta http-equiv="Content-Type" content="text/html;charset=utf-8" />
  <meta name='ocr-system' content='tesseract 3.04.00' />
  <meta name='ocr-capabilities' content='ocr_page ocr_carea ocr_par ocr_line ocrx_word'/>
</head>
<body>
  <div class='ocr_page' id='page_1' title='image "./ordericivitalis00deligoog/ordericivitalis00deligoog_0110.png"; bbox 0 0 3046 5244; ppageno 0'>
   <div class='ocr_carea' id='block_1_1' title="bbox 84 454 1143 534">
    <p class='ocr_par' dir='ltr' id='par_1_1' title="bbox 84 454 1143 534">
     <span class='ocr_line' id='line_1_1' title="bbox 84 454 1143 534; baseline 0.006 -17"><span class='ocrx_word' id='word_1_1' title='bbox 84 455 160 534; x_wconf 49' lang='lat' dir='ltr'><em>[ut]</em></span> <span class='ocrx_word' id='word_1_2' title='bbox 465 454 580 515; x_wconf 73' lang='lat' dir='ltr'><em>trouu</em></span> <span class='ocrx_word' id='word_1_3' title='bbox 601 454 759 516; x_wconf 75' lang='lat' dir='ltr'><em>sexsus.</em></span> <span class='ocrx_word' id='word_1_4' title='bbox 1102 466 1143 523; x_wconf 79' lang='lat' dir='ltr'><em>us</em></span> 
     </span>
    </p>
   </div>
   <div class='ocr_carea' id='block_1_2' title="bbox 74 585 1147 3503">
    <p class='ocr_par' dir='ltr' id='par_1_2' title="bbox 77 585 1147 2419">
     <span class='ocr_line' id='line_1_2' title="bbox 83 585 1141 689; baseline 0.005 -31"><span class='ocrx_word' id='word_1_5' title='bbox 83 586 293 684; x_wconf 70' lang='lat' dir='ltr'><em>legationem</em></span> <span class='ocrx_word' id='word_1_6' title='bbox 309 585 512 657; x_wconf 69' lang='lat' dir='ltr'><em>Bernaitms</em></span> <span class='ocrx_word' id='word_1_7' title='bbox 528 585 617 658; x_wconf 88' lang='lat' dir='ltr'><em>duos</em></span> <span class='ocrx_word' id='word_1_8' title='bbox 640 587 771 659; x_wconf 77' lang='lat' dir='ltr'>milites</span> <span class='ocrx_word' id='word_1_9' title='bbox 792 587 889 660; x_wconf 78' lang='lat' dir='ltr'><em>ittico</em></span> <span class='ocrx_word' id='word_1_10' title='bbox 904 593 1141 689; x_wconf 74' lang='lat' dir='ltr'><em>praepararit,</em></span> 
     </span>
     <span class='ocr_line' id='line_1_3' title="bbox 80 702 1145 804; baseline 0.007 -29"><span class='ocrx_word' id='word_1_11' title='bbox 80 719 110 775; x_wconf 82' lang='lat' dir='ltr'><em>et</em></span> <span class='ocrx_word' id='word_1_12' title='bbox 129 727 196 775; x_wconf 83' lang='lat' dir='ltr'><em>rex</em></span> <span class='ocrx_word' id='word_1_13' title='bbox 223 703 412 800; x_wconf 83' lang='lat' dir='ltr'><em>imperiosa</em></span> <span class='ocrx_word' id='word_1_14' title='bbox 435 702 550 790; x_wconf 81' lang='lat' dir='ltr'><em>dicto,</em></span> <span class='ocrx_word' id='word_1_15' title='bbox 577 729 658 803; x_wconf 74' lang='lat' dir='ltr'><em>quse</em></span> <span class='ocrx_word' id='word_1_16' title='bbox 681 705 823 804; x_wconf 79' lang='lat' dir='ltr'><em>Hugoni</em></span> <span class='ocrx_word' id='word_1_17' title='bbox 847 704 1048 796; x_wconf 77' lang='lat' dir='ltr'><em>deferrent,</em></span> <span class='ocrx_word' id='word_1_18' title='bbox 1074 709 1145 782; x_wconf 79' lang='lat' dir='ltr'><em>ittis</em></span> 
     </span>
     <span class='ocr_line' id='line_1_4' title="bbox 80 819 1144 924; baseline 0.008 -33"><span class='ocrx_word' id='word_1_19' title='bbox 80 819 245 920; x_wconf 82' lang='lat' dir='ltr'><em>injunxit.</em></span> <span class='ocrx_word' id='word_1_20' title='bbox 273 819 398 892; x_wconf 78' lang='lat' dir='ltr'>Nuntii</span> <span class='ocrx_word' id='word_1_21' title='bbox 427 846 513 894; x_wconf 76' lang='lat' dir='ltr'><em>iero</em></span> <span class='ocrx_word' id='word_1_22' title='bbox 538 822 727 921; x_wconf 80' lang='lat' dir='ltr'><em>Hugonem</em></span> <span class='ocrx_word' id='word_1_23' title='bbox 754 824 962 897; x_wconf 69' lang='lat' dir='ltr'>festinanter</span> <span class='ocrx_word' id='word_1_24' title='bbox 983 829 1144 924; x_wconf 82' lang='lat' dir='ltr'><em>expetie—</em></span> 
     </span>
     <span class='ocr_line' id='line_1_5' title="bbox 79 937 1144 1036; baseline 0.005 -25"><span class='ocrx_word' id='word_1_25' title='bbox 79 956 179 1030; x_wconf 85' lang='lat' dir='ltr'><em>mnt,</em></span> <span class='ocrx_word' id='word_1_26' title='bbox 198 955 238 1012; x_wconf 86' lang='lat' dir='ltr'><em>et</em></span> <span class='ocrx_word' id='word_1_27' title='bbox 252 937 361 1012; x_wconf 80' lang='lat' dir='ltr'><em>verba</em></span> <span class='ocrx_word' id='word_1_28' title='bbox 379 940 472 1036; x_wconf 76' lang='lat' dir='ltr'><em>regis</em></span> <span class='ocrx_word' id='word_1_29' title='bbox 486 955 693 1012; x_wconf 79' lang='lat' dir='ltr'><strong>constanter</strong></span> <span class='ocrx_word' id='word_1_30' title='bbox 708 941 739 1012; x_wconf 88' lang='lat' dir='ltr'><em>ci</em></span> <span class='ocrx_word' id='word_1_31' title='bbox 759 941 1029 1016; x_wconf 82' lang='lat' dir='ltr'><em>nuntiaverunt.</em></span> <span class='ocrx_word' id='word_1_32' title='bbox 1047 944 1144 1016; x_wconf 81' lang='lat' dir='ltr'><em>Abo-</em></span> 
     </span>
     <span class='ocr_line' id='line_1_6' title="bbox 77 1058 1146 1162; baseline 0.005 -32"><span class='ocrx_word' id='word_1_33' title='bbox 77 1058 303 1147; x_wconf 82' lang='lat' dir='ltr'><em>minabilem,</em></span> <span class='ocrx_word' id='word_1_34' title='bbox 322 1058 511 1157; x_wconf 83' lang='lat' dir='ltr'><em>inquiunt,</em></span> <span class='ocrx_word' id='word_1_35' title='bbox 529 1060 766 1131; x_wconf 70' lang='lat' dir='ltr'><em>temeritatem</em></span> <span class='ocrx_word' id='word_1_36' title='bbox 779 1064 1048 1161; x_wconf 64' lang='lat' dir='ltr'><em>praesumpsisti</em></span> <span class='ocrx_word' id='word_1_37' title='bbox 1052 1119 1064 1152; x_wconf 88' lang='lat'><em>,</em></span> <span class='ocrx_word' id='word_1_38' title='bbox 1081 1069 1146 1162; x_wconf 88' lang='lat' dir='ltr'><em>qui</em></span> 
     </span>
     <span class='ocr_line' id='line_1_7' title="bbox 78 1176 1145 1274; baseline 0.003 -25"><span class='ocrx_word' id='word_1_39' title='bbox 78 1176 437 1255; x_wconf 83' lang='lat' dir='ltr'><em>dominiumdomini</em></span> <span class='ocrx_word' id='word_1_40' title='bbox 456 1181 509 1248; x_wconf 89' lang='lat' dir='ltr'><em>tui</em></span> <span class='ocrx_word' id='word_1_41' title='bbox 531 1178 626 1274; x_wconf 80' lang='lat' dir='ltr'><em>regis</em></span> <span class='ocrx_word' id='word_1_42' title='bbox 647 1177 877 1248; x_wconf 76' lang='lat' dir='ltr'><strong><em>Francorum</em></strong></span> <span class='ocrx_word' id='word_1_43' title='bbox 900 1179 1083 1267; x_wconf 76' lang='lat' dir='ltr'><em>invasisti,</em></span> <span class='ocrx_word' id='word_1_44' title='bbox 1111 1197 1145 1252; x_wconf 90' lang='lat' dir='ltr'><em>et</em></span> 
     </span>
     <span class='ocr_line' id='line_1_8' title="bbox 77 1293 1143 1396; baseline 0.002 -30"><span class='ocrx_word' id='word_1_45' title='bbox 77 1295 252 1396; x_wconf 89' lang='lat' dir='ltr'><em>oppidum</em></span> <span class='ocrx_word' id='word_1_46' title='bbox 271 1296 487 1381; x_wconf 80' lang='lat' dir='ltr'><em>Oaimense,</em></span> <span class='ocrx_word' id='word_1_47' title='bbox 513 1293 576 1366; x_wconf 85' lang='lat' dir='ltr'><em>ubi</em></span> <span class='ocrx_word' id='word_1_48' title='bbox 587 1299 740 1394; x_wconf 83' lang='lat' dir='ltr'><em>propria</em></span> <span class='ocrx_word' id='word_1_49' title='bbox 759 1294 863 1366; x_wconf 75' lang='lat' dir='ltr'><em>sedes</em></span> <span class='ocrx_word' id='word_1_50' title='bbox 878 1296 959 1394; x_wconf 86' lang='lat' dir='ltr'><em>ejus</em></span> <span class='ocrx_word' id='word_1_51' title='bbox 977 1296 1025 1367; x_wconf 86' lang='lat' dir='ltr'><em>ab</em></span> <span class='ocrx_word' id='word_1_52' title='bbox 1041 1300 1143 1368; x_wconf 91' lang='lat' dir='ltr'><em>anti-</em></span> 
     </span>
     <span class='ocr_line' id='line_1_9' title="bbox 77 1411 1147 1516; baseline 0.001 -32"><span class='ocrx_word' id='word_1_53' title='bbox 77 1415 150 1511; x_wconf 77' lang='lat' dir='ltr'><em>quis</em></span> <span class='ocrx_word' id='word_1_54' title='bbox 169 1411 391 1511; x_wconf 84' lang='lat' dir='ltr'><em>temporibus</em></span> <span class='ocrx_word' id='word_1_55' title='bbox 409 1414 493 1508; x_wconf 91' lang='lat' dir='ltr'><em>est(</em></span> <span class='ocrx_word' id='word_1_56' title='bbox 520 1415 552 1505; x_wconf 61' lang='lat' dir='ltr'><em>t,</em></span> <span class='ocrx_word' id='word_1_57' title='bbox 577 1438 675 1484; x_wconf 90' lang='lat' dir='ltr'><em>nunc</em></span> <span class='ocrx_word' id='word_1_58' title='bbox 695 1411 879 1484; x_wconf 82' lang='lat' dir='ltr'><em>obsedisti.</em></span> <span class='ocrx_word' id='word_1_59' title='bbox 902 1413 1018 1486; x_wconf 89' lang='lat' dir='ltr'><em>Nunc</em></span> <span class='ocrx_word' id='word_1_60' title='bbox 1035 1440 1147 1516; x_wconf 86' lang='lat' dir='ltr'><em>super</em></span> 
     </span>
     <span class='ocr_line' id='line_1_10' title="bbox 78 1528 1147 1632; baseline 0.002 -29"><span class='ocrx_word' id='word_1_61' title='bbox 78 1529 141 1603; x_wconf 73' lang='lat' dir='ltr'><em>iac</em></span> <span class='ocrx_word' id='word_1_62' title='bbox 164 1555 206 1601; x_wconf 86' lang='lat' dir='ltr'><em>re</em></span> <span class='ocrx_word' id='word_1_63' title='bbox 225 1546 449 1630; x_wconf 69' lang='lat' dir='ltr'><em>praeceptum</em></span> <span class='ocrx_word' id='word_1_64' title='bbox 467 1531 547 1629; x_wconf 85' lang='lat' dir='ltr'><em>ejus</em></span> <span class='ocrx_word' id='word_1_65' title='bbox 568 1528 680 1616; x_wconf 86' lang='lat' dir='ltr'><em>audi,</em></span> <span class='ocrx_word' id='word_1_66' title='bbox 707 1546 741 1603; x_wconf 91' lang='lat' dir='ltr'><em>et</em></span> <span class='ocrx_word' id='word_1_67' title='bbox 760 1530 957 1632; x_wconf 77' lang='lat' dir='ltr'><em>perfidem</em></span> <span class='ocrx_word' id='word_1_68' title='bbox 980 1557 1090 1630; x_wconf 86' lang='lat' dir='ltr'><em>quam</em></span> <span class='ocrx_word' id='word_1_69' title='bbox 1110 1535 1147 1605; x_wconf 86' lang='lat' dir='ltr'><em>ei</em></span> 
     </span>
     <span class='ocr_line' id='line_1_11' title="bbox 79 1640 1144 1730; baseline 0.005 -17"><span class='ocrx_word' id='word_1_70' title='bbox 79 1640 199 1730; x_wconf 80' lang='lat' dir='ltr'><em>debes,</em></span> <span class='ocrx_word' id='word_1_71' title='bbox 219 1648 298 1715; x_wconf 88' lang='lat' dir='ltr'><em>sine</em></span> <span class='ocrx_word' id='word_1_72' title='bbox 314 1668 417 1715; x_wconf 88' lang='lat' dir='ltr'><em>mora</em></span> <span class='ocrx_word' id='word_1_73' title='bbox 433 1643 552 1714; x_wconf 87' lang='lat' dir='ltr'><em>obedi.</em></span> <span class='ocrx_word' id='word_1_74' title='bbox 573 1647 672 1715; x_wconf 83' lang='lat' dir='ltr'><em>Ante</em></span> <span class='ocrx_word' id='word_1_75' title='bbox 687 1643 776 1716; x_wconf 85' lang='lat' dir='ltr'><em>solis</em></span> <span class='ocrx_word' id='word_1_76' title='bbox 790 1670 962 1717; x_wconf 89' lang='lat' dir='ltr'><em>occasum</em></span> <span class='ocrx_word' id='word_1_77' title='bbox 982 1644 1031 1717; x_wconf 87' lang='lat' dir='ltr'><em>ab</em></span> <span class='ocrx_word' id='word_1_78' title='bbox 1048 1645 1144 1719; x_wconf 84' lang='lat' dir='ltr'><em>obsi·</em></span> 
     </span>
     <span class='ocr_line' id='line_1_12' title="bbox 79 1757 1144 1860; baseline 0.008 -34"><span class='ocrx_word' id='word_1_79' title='bbox 79 1757 181 1831; x_wconf 79' lang='lat' dir='ltr'><em>‹iione</em></span> <span class='ocrx_word' id='word_1_80' title='bbox 198 1760 343 1846; x_wconf 78' lang='lat' dir='ltr'><em>recede,</em></span> <span class='ocrx_word' id='word_1_81' title='bbox 364 1775 398 1831; x_wconf 90' lang='lat' dir='ltr'><em>et</em></span> <span class='ocrx_word' id='word_1_82' title='bbox 411 1786 481 1859; x_wconf 84' lang='lat' dir='ltr'><em>pno</em></span> <span class='ocrx_word' id='word_1_83' title='bbox 499 1775 604 1831; x_wconf 88' lang='lat' dir='ltr'><em>reatu</em></span> <span class='ocrx_word' id='word_1_84' title='bbox 622 1764 828 1832; x_wconf 84' lang='lat' dir='ltr'><em>temeritatis</em></span> <span class='ocrx_word' id='word_1_85' title='bbox 849 1763 888 1832; x_wconf 86' lang='lat' dir='ltr'><em>in</em></span> <span class='ocrx_word' id='word_1_86' title='bbox 911 1787 1032 1860; x_wconf 79' lang='lat' dir='ltr'><em>regem</em></span> <span class='ocrx_word' id='word_1_87' title='bbox 1039 1819 1053 1853; x_wconf 86' lang='lat'><em>,</em></span> <span class='ocrx_word' id='word_1_88' title='bbox 1066 1760 1144 1859; x_wconf 77' lang='lat' dir='ltr'><em>jac</em></span> 
     </span>
     <span class='ocr_line' id='line_1_13' title="bbox 81 1875 1144 1978; baseline 0.003 -32"><span class='ocrx_word' id='word_1_89' title='bbox 81 1875 125 1946; x_wconf 78' lang='lat' dir='ltr'><em>tt·</em></span> <span class='ocrx_word' id='word_1_90' title='bbox 146 1892 284 1949; x_wconf 82' lang='lat' dir='ltr'><em>rectum</em></span> <span class='ocrx_word' id='word_1_91' title='bbox 304 1876 410 1975; x_wconf 90' lang='lat' dir='ltr'><em>apud</em></span> <span class='ocrx_word' id='word_1_92' title='bbox 432 1877 653 1949; x_wconf 75' lang='lat' dir='ltr'><em>laudunum</em></span> <span class='ocrx_word' id='word_1_93' title='bbox 674 1894 831 1978; x_wconf 89' lang='lat' dir='ltr'><em>tempore</em></span> <span class='ocrx_word' id='word_1_94' title='bbox 856 1905 928 1977; x_wconf 85' lang='lat' dir='ltr'><em>quo</em></span> <span class='ocrx_word' id='word_1_95' title='bbox 950 1879 1144 1954; x_wconf 79' lang='lat' dir='ltr'><em>decreuerit</em></span> 
     </span>
     <span class='ocr_line' id='line_1_14' title="bbox 80 1993 1143 2095; baseline 0.007 -36"><span class='ocrx_word' id='word_1_96' title='bbox 80 1995 171 2090; x_wconf 66' lang='lat' dir='ltr'><em>urse,</em></span> <span class='ocrx_word' id='word_1_97' title='bbox 202 1994 419 2093; x_wconf 88' lang='lat' dir='ltr'><em>optimatum</em></span> <span class='ocrx_word' id='word_1_98' title='bbox 444 1993 592 2092; x_wconf 86' lang='lat' dir='ltr'><em>judicio</em></span> <span class='ocrx_word' id='word_1_99' title='bbox 624 2010 659 2065; x_wconf 87' lang='lat' dir='ltr'><em>et</em></span> <span class='ocrx_word' id='word_1_100' title='bbox 686 2001 934 2094; x_wconf 77' lang='lat' dir='ltr'><em>persuasione.</em></span> <span class='ocrx_word' id='word_1_101' title='bbox 967 1998 1143 2095; x_wconf 80' lang='lat' dir='ltr'><em>Alioquin</em></span> 
     </span>
     <span class='ocr_line' id='line_1_15' title="bbox 77 2110 1144 2210; baseline 0.004 -29"><span class='ocrx_word' id='word_1_102' title='bbox 77 2125 228 2205; x_wconf 84' lang='lat' dir='ltr'><em>paratus</em></span> <span class='ocrx_word' id='word_1_103' title='bbox 241 2127 317 2182; x_wconf 86' lang='lat' dir='ltr'><em>esto</em></span> <span class='ocrx_word' id='word_1_104' title='bbox 331 2137 413 2183; x_wconf 77' lang='lat' dir='ltr'><em>curn</em></span> <span class='ocrx_word' id='word_1_105' title='bbox 432 2112 501 2182; x_wconf 89' lang='lat' dir='ltr'><em>tuis</em></span> <span class='ocrx_word' id='word_1_106' title='bbox 515 2111 569 2182; x_wconf 89' lang='lat' dir='ltr'><em>ad</em></span> <span class='ocrx_word' id='word_1_107' title='bbox 581 2111 764 2210; x_wconf 71' lang='lat' dir='ltr'><em>praelim.</em></span> <span class='ocrx_word' id='word_1_108' title='bbox 780 2110 882 2183; x_wconf 89' lang='lat' dir='ltr'><em>Nam</em></span> <span class='ocrx_word' id='word_1_109' title='bbox 895 2138 961 2183; x_wconf 78' lang='lat' dir='ltr'><em>rea</em></span> <span class='ocrx_word' id='word_1_110' title='bbox 976 2112 1144 2185; x_wconf 83' lang='lat' dir='ltr'><em>dominus</em></span> 
     </span>
     <span class='ocr_line' id='line_1_16' title="bbox 80 2226 1144 2326; baseline 0.007 -33"><span class='ocrx_word' id='word_1_111' title='bbox 80 2244 169 2310; x_wconf 84' lang='lat' dir='ltr'><em>tuus,</em></span> <span class='ocrx_word' id='word_1_112' title='bbox 181 2229 218 2299; x_wconf 84' lang='lat' dir='ltr'><em>si</em></span> <span class='ocrx_word' id='word_1_113' title='bbox 235 2243 268 2298; x_wconf 88' lang='lat' dir='ltr'><em>te</em></span> <span class='ocrx_word' id='word_1_114' title='bbox 282 2226 342 2299; x_wconf 78' lang='lat' dir='ltr'><em>tric</em></span> <span class='ocrx_word' id='word_1_115' title='bbox 354 2229 541 2316; x_wconf 83' lang='lat' dir='ltr'><em>inuenerit,</em></span> <span class='ocrx_word' id='word_1_116' title='bbox 559 2232 597 2297; x_wconf 91' lang='lat' dir='ltr'><em>in</em></span> <span class='ocrx_word' id='word_1_117' title='bbox 612 2226 685 2299; x_wconf 80' lang='lat' dir='ltr'><em>hac</em></span> <span class='ocrx_word' id='word_1_118' title='bbox 699 2229 906 2326; x_wconf 82' lang='lat' dir='ltr'><em>septimana</em></span> <span class='ocrx_word' id='word_1_119' title='bbox 921 2242 1039 2300; x_wconf 88' lang='lat' dir='ltr'><em>tecum</em></span> <span class='ocrx_word' id='word_1_120' title='bbox 1055 2232 1144 2300; x_wconf 87' lang='lat' dir='ltr'><em>uiri-</em></span> 
     </span>
     <span class='ocr_line' id='line_1_17' title="bbox 81 2342 960 2419; baseline 0.003 -8"><span class='ocrx_word' id='word_1_121' title='bbox 81 2342 138 2419; x_wconf 79' lang='lat' dir='ltr'><em>bus</em></span> <span class='ocrx_word' id='word_1_122' title='bbox 155 2346 384 2418; x_wconf 79' lang='lat' dir='ltr'><em>Frarworum</em></span> <span class='ocrx_word' id='word_1_123' title='bbox 400 2362 434 2417; x_wconf 89' lang='lat' dir='ltr'><em>et</em></span> <span class='ocrx_word' id='word_1_124' title='bbox 450 2345 745 2417; x_wconf 84' lang='lat' dir='ltr'><em>Normaanorum</em></span> <span class='ocrx_word' id='word_1_125' title='bbox 759 2343 960 2416; x_wconf 83' lang='lat' dir='ltr'><em>dimicabit.</em></span> 
     </span>
    </p>

    <p class='ocr_par' dir='ltr' id='par_1_3' title="bbox 74 2458 1145 3503">
     <span class='ocr_line' id='line_1_18' title="bbox 120 2458 1142 2561; baseline 0.001 -28"><span class='ocrx_word' id='word_1_126' title='bbox 120 2461 206 2534; x_wconf 78' lang='lat' dir='ltr'><em>Haec</em></span> <span class='ocrx_word' id='word_1_127' title='bbox 214 2458 377 2552; x_wconf 76' lang='lat' dir='ltr'><em>audiens,</em></span> <span class='ocrx_word' id='word_1_128' title='bbox 391 2463 495 2561; x_wconf 77' lang='lat' dir='ltr'><em>Hugo</em></span> <span class='ocrx_word' id='word_1_129' title='bbox 509 2460 740 2535; x_wconf 81' lang='lat' dir='ltr'><em>vehementer</em></span> <span class='ocrx_word' id='word_1_130' title='bbox 754 2461 862 2532; x_wconf 84' lang='lat' dir='ltr'><em>iratus</em></span> <span class='ocrx_word' id='word_1_131' title='bbox 872 2476 938 2549; x_wconf 87' lang='lat' dir='ltr'><em>est,</em></span> <span class='ocrx_word' id='word_1_132' title='bbox 954 2477 991 2534; x_wconf 88' lang='lat' dir='ltr'><em>et</em></span> <span class='ocrx_word' id='word_1_133' title='bbox 1003 2487 1079 2560; x_wconf 80' lang='lat' dir='ltr'><em>prae</em></span> <span class='ocrx_word' id='word_1_134' title='bbox 1090 2463 1142 2534; x_wconf 82' lang='lat' dir='ltr'><em>ira</em></span> 
     </span>
     <span class='ocr_line' id='line_1_19' title="bbox 79 2576 1142 2679; baseline 0.001 -28"><span class='ocrx_word' id='word_1_135' title='bbox 79 2576 301 2664; x_wconf 78' lang='lat' dir='ltr'><em>furibundus,</em></span> <span class='ocrx_word' id='word_1_136' title='bbox 317 2579 367 2652; x_wconf 87' lang='lat' dir='ltr'><em>sic</em></span> <span class='ocrx_word' id='word_1_137' title='bbox 380 2604 461 2652; x_wconf 87' lang='lat' dir='ltr'><em>suos</em></span> <span class='ocrx_word' id='word_1_138' title='bbox 471 2577 597 2651; x_wconf 80' lang='lat' dir='ltr'><em>effatus</em></span> <span class='ocrx_word' id='word_1_139' title='bbox 614 2596 690 2652; x_wconf 83' lang='lat' dir='ltr'><em>est:</em></span> <span class='ocrx_word' id='word_1_140' title='bbox 709 2579 816 2651; x_wconf 79' lang='lat' dir='ltr'><em>Unde</em></span> <span class='ocrx_word' id='word_1_141' title='bbox 832 2578 1006 2652; x_wconf 80' lang='lat' dir='ltr'><em>stolidum</em></span> <span class='ocrx_word' id='word_1_142' title='bbox 1022 2606 1142 2679; x_wconf 83' lang='lat' dir='ltr'><em>regem</em></span> 
     </span>
     <span class='ocr_line' id='line_1_20' title="bbox 80 2696 1143 2784; baseline 0.001 -15"><span class='ocrx_word' id='word_1_143' title='bbox 80 2714 175 2769; x_wconf 84' lang='lat' dir='ltr'><em>tanta</em></span> <span class='ocrx_word' id='word_1_144' title='bbox 202 2700 338 2771; x_wconf 82' lang='lat' dir='ltr'><em>inuasit</em></span> <span class='ocrx_word' id='word_1_145' title='bbox 363 2698 565 2784; x_wconf 85' lang='lat' dir='ltr'><em>dementia,</em></span> <span class='ocrx_word' id='word_1_146' title='bbox 592 2715 632 2770; x_wconf 88' lang='lat' dir='ltr'><em>ut</em></span> <span class='ocrx_word' id='word_1_147' title='bbox 656 2697 745 2770; x_wconf 78' lang='lat' dir='ltr'><em>mihi</em></span> <span class='ocrx_word' id='word_1_148' title='bbox 770 2699 855 2771; x_wconf 86' lang='lat' dir='ltr'><em>totis</em></span> <span class='ocrx_word' id='word_1_149' title='bbox 880 2696 1017 2770; x_wconf 81' lang='lat' dir='ltr'><em>uiribus</em></span> <span class='ocrx_word' id='word_1_150' title='bbox 1040 2699 1143 2770; x_wconf 82' lang='lat' dir='ltr'><em>illum</em></span> 
     </span>
     <span class='ocr_line' id='line_1_21' title="bbox 80 2814 1142 2916; baseline -0.001 -29"><span class='ocrx_word' id='word_1_151' title='bbox 80 2818 275 2915; x_wconf 78' lang='lat' dir='ltr'><em>adjuvanti</em></span> <span class='ocrx_word' id='word_1_152' title='bbox 287 2817 481 2889; x_wconf 80' lang='lat' dir='ltr'><em>mandaret</em></span> <span class='ocrx_word' id='word_1_153' title='bbox 501 2814 622 2888; x_wconf 77' lang='lat' dir='ltr'><em>talia?</em></span> <span class='ocrx_word' id='word_1_154' title='bbox 639 2816 879 2889; x_wconf 80' lang='lat' dir='ltr'><em>Nonnanuioe</em></span> <span class='ocrx_word' id='word_1_155' title='bbox 892 2817 1142 2916; x_wconf 69' lang='lat' dir='ltr'><em>principatum</em></span> 
     </span>
     <span class='ocr_line' id='line_1_22' title="bbox 80 2934 1145 3035; baseline 0 -29"><span class='ocrx_word' id='word_1_156' title='bbox 80 2962 145 3006; x_wconf 88' lang='lat' dir='ltr'><em>aon</em></span> <span class='ocrx_word' id='word_1_157' title='bbox 162 2938 378 3035; x_wconf 80' lang='lat' dir='ltr'><em>concupivi,</em></span> <span class='ocrx_word' id='word_1_158' title='bbox 403 2960 519 3033; x_wconf 89' lang='lat' dir='ltr'><em>neque</em></span> <span class='ocrx_word' id='word_1_159' title='bbox 534 2953 678 3035; x_wconf 86' lang='lat' dir='ltr'><em>partem</em></span> <span class='ocrx_word' id='word_1_160' title='bbox 697 2935 860 3035; x_wconf 82' lang='lat' dir='ltr'><em>aliquam</em></span> <span class='ocrx_word' id='word_1_161' title='bbox 875 2934 923 3005; x_wconf 86' lang='lat' dir='ltr'><em>ab</em></span> <span class='ocrx_word' id='word_1_162' title='bbox 940 2935 1005 3006; x_wconf 84' lang='lat' dir='ltr'><em>illa</em></span> <span class='ocrx_word' id='word_1_163' title='bbox 1022 2942 1145 3034; x_wconf 83' lang='lat' dir='ltr'><em>requi-</em></span> 
     </span>
     <span class='ocr_line' id='line_1_23' title="bbox 80 3052 1145 3153; baseline 0.008 -37"><span class='ocrx_word' id='word_1_164' title='bbox 80 3055 154 3129; x_wconf 84' lang='lat' dir='ltr'><em>siui,·</em></span> <span class='ocrx_word' id='word_1_165' title='bbox 173 3053 243 3123; x_wconf 85' lang='lat' dir='ltr'><em>sed</em></span> <span class='ocrx_word' id='word_1_166' title='bbox 259 3060 337 3153; x_wconf 91' lang='lat' dir='ltr'><em>ipse</em></span> <span class='ocrx_word' id='word_1_167' title='bbox 361 3067 470 3125; x_wconf 87' lang='lat' dir='ltr'><em>totam</em></span> <span class='ocrx_word' id='word_1_168' title='bbox 491 3054 672 3151; x_wconf 76' lang='lat' dir='ltr'><em>regionem</em></span> <span class='ocrx_word' id='word_1_169' title='bbox 692 3057 782 3124; x_wconf 89' lang='lat' dir='ltr'><em>citra</em></span> <span class='ocrx_word' id='word_1_170' title='bbox 800 3052 1011 3150; x_wconf 84' lang='lat' dir='ltr'><em>Sequanam</em></span> <span class='ocrx_word' id='word_1_171' title='bbox 1032 3079 1145 3151; x_wconf 89' lang='lat' dir='ltr'><em>usque</em></span> 
     </span>
     <span class='ocr_line' id='line_1_24' title="bbox 80 3168 1145 3267; baseline 0.002 -30"><span class='ocrx_word' id='word_1_172' title='bbox 80 3168 127 3238; x_wconf 92' lang='lat' dir='ltr'><em>ad</em></span> <span class='ocrx_word' id='word_1_173' title='bbox 149 3195 253 3238; x_wconf 87' lang='lat' dir='ltr'><em>mare</em></span> <span class='ocrx_word' id='word_1_174' title='bbox 274 3168 366 3239; x_wconf 81' lang='lat' dir='ltr'><em>ultro</em></span> <span class='ocrx_word' id='word_1_175' title='bbox 392 3169 482 3240; x_wconf 79' lang='lat' dir='ltr'><em>mihi</em></span> <span class='ocrx_word' id='word_1_176' title='bbox 506 3168 654 3256; x_wconf 87' lang='lat' dir='ltr'><em>obtulit,</em></span> <span class='ocrx_word' id='word_1_177' title='bbox 683 3168 939 3267; x_wconf 64' lang='lat' dir='ltr'><em>auxiliumque</em></span> <span class='ocrx_word' id='word_1_178' title='bbox 963 3196 1082 3240; x_wconf 87' lang='lat' dir='ltr'><em>meum</em></span> <span class='ocrx_word' id='word_1_179' title='bbox 1109 3188 1145 3242; x_wconf 89' lang='lat' dir='ltr'><em>ut</em></span> 
     </span>
     <span class='ocr_line' id='line_1_25' title="bbox 81 3285 1145 3387; baseline 0.007 -35"><span class='ocrx_word' id='word_1_180' title='bbox 81 3287 274 3357; x_wconf 77' lang='lat' dir='ltr'><em>indomitos</em></span> <span class='ocrx_word' id='word_1_181' title='bbox 284 3288 433 3387; x_wconf 89' lang='lat' dir='ltr'><em>piratas</em></span> <span class='ocrx_word' id='word_1_182' title='bbox 453 3285 655 3377; x_wconf 86' lang='lat' dir='ltr'><em>edomaret,</em></span> <span class='ocrx_word' id='word_1_183' title='bbox 671 3289 854 3387; x_wconf 86' lang='lat' dir='ltr'><em>poposcit.</em></span> <span class='ocrx_word' id='word_1_184' title='bbox 872 3285 1008 3357; x_wconf 85' lang='lat' dir='ltr'><em>Nonne</em></span> <span class='ocrx_word' id='word_1_185' title='bbox 1023 3292 1145 3359; x_wconf 84' lang='lat' dir='ltr'><em>mani-</em></span> 
     </span>
     <span class='ocr_line' id='line_1_26' title="bbox 74 3403 1144 3503; baseline 0.006 -32"><span class='ocrx_word' id='word_1_186' title='bbox 74 3403 169 3486; x_wconf 79' lang='lat' dir='ltr'><em>festa</em></span> <span class='ocrx_word' id='word_1_187' title='bbox 183 3405 324 3476; x_wconf 86' lang='lat' dir='ltr'><em>cunctis</em></span> <span class='ocrx_word' id='word_1_188' title='bbox 341 3407 489 3477; x_wconf 87' lang='lat' dir='ltr'><em>insania</em></span> <span class='ocrx_word' id='word_1_189' title='bbox 500 3407 674 3503; x_wconf 86' lang='lat' dir='ltr'><em>patescit,</em></span> <span class='ocrx_word' id='word_1_190' title='bbox 694 3403 797 3503; x_wconf 88' lang='lat' dir='ltr'><em>quod</em></span> <span class='ocrx_word' id='word_1_191' title='bbox 808 3403 893 3477; x_wconf 84' lang='lat' dir='ltr'><em>inde</em></span> <span class='ocrx_word' id='word_1_192' title='bbox 905 3430 1046 3477; x_wconf 87' lang='lat' dir='ltr'><em>mecum</em></span> <span class='ocrx_word' id='word_1_193' title='bbox 1058 3432 1144 3478; x_wconf 87' lang='lat' dir='ltr'><em>con·</em></span> 
     </span>
    </p>
   </div>
   <div class='ocr_carea' id='block_1_3' title="bbox 79 3516 1261 3623">
    <p class='ocr_par' dir='ltr' id='par_1_4' title="bbox 79 3516 1261 3623">
     <span class='ocr_line' id='line_1_27' title="bbox 79 3516 1261 3623; baseline 0.008 -37"><span class='ocrx_word' id='word_1_194' title='bbox 79 3516 202 3617; x_wconf 69' lang='lat' dir='ltr'><em>(ligere</em></span> <span class='ocrx_word' id='word_1_195' title='bbox 225 3520 405 3608; x_wconf 89' lang='lat' dir='ltr'><em>decernit,</em></span> <span class='ocrx_word' id='word_1_196' title='bbox 430 3521 527 3593; x_wconf 76' lang='lat' dir='ltr'><em>tande</em></span> <span class='ocrx_word' id='word_1_197' title='bbox 539 3518 710 3620; x_wconf 81' lang='lat' dir='ltr'><em>famulor</em></span> <span class='ocrx_word' id='word_1_198' title='bbox 735 3521 808 3607; x_wconf 85' lang='lat' dir='ltr'><em>illi,</em></span> <span class='ocrx_word' id='word_1_199' title='bbox 836 3526 930 3593; x_wconf 89' lang='lat' dir='ltr'><em>sicut</em></span> <span class='ocrx_word' id='word_1_200' title='bbox 955 3525 1033 3623; x_wconf 87' lang='lat' dir='ltr'><em>ipse</em></span> <span class='ocrx_word' id='word_1_201' title='bbox 1056 3523 1148 3594; x_wconf 80' lang='lat' dir='ltr'><em>milii</em></span> <span class='ocrx_word' id='word_1_202' title='bbox 1257 3557 1261 3565; x_wconf 95' lang='lat'>·</span> 
     </span>
    </p>
   </div>
   <div class='ocr_carea' id='block_1_4' title="bbox 80 3635 1148 3859">
    <p class='ocr_par' dir='ltr' id='par_1_5' title="bbox 80 3635 1148 3859">
     <span class='ocr_line' id='line_1_28' title="bbox 80 3635 1147 3738; baseline 0.007 -33"><span class='ocrx_word' id='word_1_203' title='bbox 80 3635 279 3737; x_wconf 79' lang='lat' dir='ltr'><em>pracepit?</em></span> <span class='ocrx_word' id='word_1_204' title='bbox 301 3640 415 3710; x_wconf 85' lang='lat' dir='ltr'><em>Miser</em></span> <span class='ocrx_word' id='word_1_205' title='bbox 436 3655 488 3711; x_wconf 86' lang='lat' dir='ltr'><em>est</em></span> <span class='ocrx_word' id='word_1_206' title='bbox 514 3641 578 3737; x_wconf 90' lang='lat' dir='ltr'><em>qui</em></span> <span class='ocrx_word' id='word_1_207' title='bbox 600 3640 707 3710; x_wconf 79' lang='lat' dir='ltr'><em>seruit</em></span> <span class='ocrx_word' id='word_1_208' title='bbox 733 3638 875 3738; x_wconf 86' lang='lat' dir='ltr'><em>iniquo,</em></span> <span class='ocrx_word' id='word_1_209' title='bbox 902 3657 935 3709; x_wconf 89' lang='lat' dir='ltr'><em>et</em></span> <span class='ocrx_word' id='word_1_210' title='bbox 957 3637 1147 3713; x_wconf 83' lang='lat' dir='ltr'><em>imbecillis</em></span> 
     </span>
     <span class='ocr_line' id='line_1_29' title="bbox 84 3751 1148 3859; baseline 0.006 -36"><span class='ocrx_word' id='word_1_211' title='bbox 84 3761 140 3851; x_wconf 83' lang='lat' dir='ltr'><em>qui</em></span> <span class='ocrx_word' id='word_1_212' title='bbox 148 3751 391 3859; x_wconf 68' lang='lat' dir='ltr'><em>fraudulento</em></span> <span class='ocrx_word' id='word_1_213' title='bbox 405 3755 587 3855; x_wconf 78' lang='lat' dir='ltr'><em>ssibigitur</em></span> <span class='ocrx_word' id='word_1_214' title='bbox 600 3773 633 3828; x_wconf 86' lang='lat' dir='ltr'><em>ct</em></span> <span class='ocrx_word' id='word_1_215' title='bbox 648 3754 771 3829; x_wconf 85' lang='lat' dir='ltr'><em>stulto.</em></span> <span class='ocrx_word' id='word_1_216' title='bbox 792 3758 1022 3830; x_wconf 84' lang='lat' dir='ltr'><em>Festinanter</em></span> <span class='ocrx_word' id='word_1_217' title='bbox 1039 3758 1148 3829; x_wconf 85' lang='lat' dir='ltr'><em>modo</em></span> 
     </span>
    </p>
   </div>
   <div class='ocr_carea' id='block_1_5' title="bbox 90 3912 1144 3925">
    <p class='ocr_par' dir='ltr' id='par_1_6' title="bbox 90 3912 1144 3925">
     <span class='ocr_line' id='line_1_30' title="bbox 90 3912 1144 3925; baseline 0.004 -6"><span class='ocrx_word' id='word_1_218' title='bbox 90 3913 128 3920; x_wconf 80' lang='lat'><em>—-</em></span> <span class='ocrx_word' id='word_1_219' title='bbox 142 3914 328 3922; x_wconf 74' lang='lat'><em>-—-———-</em></span> <span class='ocrx_word' id='word_1_220' title='bbox 338 3916 372 3921; x_wconf 86' lang='lat'><em>---</em></span> <span class='ocrx_word' id='word_1_221' title='bbox 383 3916 443 3922; x_wconf 75' lang='lat'><em>—--</em></span> <span class='ocrx_word' id='word_1_222' title='bbox 452 3916 478 3923; x_wconf 75' lang='lat'><em>-..</em></span> <span class='ocrx_word' id='word_1_223' title='bbox 486 3916 499 3922; x_wconf 85' lang='lat'><em>-</em></span> <span class='ocrx_word' id='word_1_224' title='bbox 507 3912 764 3923; x_wconf 74' lang='lat'><em>--—-·-.-·—-·--</em></span> <span class='ocrx_word' id='word_1_225' title='bbox 771 3914 898 3924; x_wconf 58' lang='lat' dir='ltr'><em>.-.ma—n-</em></span> <span class='ocrx_word' id='word_1_226' title='bbox 907 3915 1118 3925; x_wconf 48' lang='lat' dir='ltr'><em>aam—*00</em></span> <span class='ocrx_word' id='word_1_227' title='bbox 1127 3914 1144 3923; x_wconf 80' lang='grc' dir='ltr'><em>-ι</em></span> 
     </span>
    </p>
   </div>
   <div class='ocr_carea' id='block_1_6' title="bbox 88 3975 1150 4316">
    <p class='ocr_par' dir='ltr' id='par_1_7' title="bbox 88 3975 1150 4316">
     <span class='ocr_line' id='line_1_31' title="bbox 117 3975 1145 4047; baseline 0.002 -23"><span class='ocrx_word' id='word_1_228' title='bbox 117 3979 151 4041; x_wconf 65' lang='grc' dir='ltr'><em>(ι’,</em></span> <span class='ocrx_word' id='word_1_229' title='bbox 164 3976 244 4029; x_wconf 67' lang='lat' dir='ltr'><em>(lette</em></span> <span class='ocrx_word' id='word_1_230' title='bbox 257 3975 437 4030; x_wconf 74' lang='lat' dir='ltr'><em>substitution</em></span> <span class='ocrx_word' id='word_1_231' title='bbox 451 3978 608 4030; x_wconf 75' lang='lat' dir='ltr'><em>d&#39;Exmesi</em></span> <span class='ocrx_word' id='word_1_232' title='bbox 628 3977 733 4047; x_wconf 73' lang='lat' dir='ltr'><em>Bayeux</em></span> <span class='ocrx_word' id='word_1_233' title='bbox 751 3987 792 4030; x_wconf 86' lang='lat' dir='ltr'><em>est</em></span> <span class='ocrx_word' id='word_1_234' title='bbox 810 3975 848 4029; x_wconf 83' lang='lat' dir='ltr'><em>du</em></span> <span class='ocrx_word' id='word_1_235' title='bbox 867 3977 934 4031; x_wconf 78' lang='lat' dir='ltr'><em>chef</em></span> <span class='ocrx_word' id='word_1_236' title='bbox 947 3977 983 4031; x_wconf 81' lang='lat' dir='ltr'><em>de</em></span> <span class='ocrx_word' id='word_1_237' title='bbox 996 3987 1076 4031; x_wconf 80' lang='lat' dir='ltr'><em>notre</em></span> <span class='ocrx_word' id='word_1_238' title='bbox 1096 3994 1145 4027; x_wconf 83' lang='lat' dir='ltr'><em>au-</em></span> 
     </span>
     <span class='ocr_line' id='line_1_32' title="bbox 88 4066 1150 4139; baseline 0.001 -24"><span class='ocrx_word' id='word_1_239' title='bbox 88 4073 152 4127; x_wconf 74' lang='lat' dir='ltr'><em>teur,</em></span> <span class='ocrx_word' id='word_1_240' title='bbox 173 4066 248 4138; x_wconf 78' lang='lat' dir='ltr'><em>quia</em></span> <span class='ocrx_word' id='word_1_241' title='bbox 267 4085 316 4119; x_wconf 85' lang='lat' dir='ltr'><em>cru</em></span> <span class='ocrx_word' id='word_1_242' title='bbox 331 4086 365 4119; x_wconf 83' lang='lat' dir='ltr'><em>eu</em></span> <span class='ocrx_word' id='word_1_243' title='bbox 384 4068 459 4120; x_wconf 69' lang='lat' dir='ltr'><em>avoir</em></span> <span class='ocrx_word' id='word_1_244' title='bbox 477 4066 661 4137; x_wconf 70' lang='lat' dir='ltr'><em>tueoiu&#39;pour</em></span> <span class='ocrx_word' id='word_1_245' title='bbox 674 4069 790 4120; x_wconf 85' lang='lat' dir='ltr'><em>motiver</em></span> <span class='ocrx_word' id='word_1_246' title='bbox 807 4067 831 4120; x_wconf 83' lang='lat' dir='ltr'><em>ta</em></span> <span class='ocrx_word' id='word_1_247' title='bbox 847 4072 977 4139; x_wconf 77' lang='lat' dir='ltr'><em>presence</em></span> <span class='ocrx_word' id='word_1_248' title='bbox 995 4067 1032 4120; x_wconf 88' lang='lat' dir='ltr'><em>dc</em></span> <span class='ocrx_word' id='word_1_249' title='bbox 1049 4066 1150 4134; x_wconf 69' lang='lat' dir='ltr'><em>lingue</em></span> 
     </span>
     <span class='ocr_line' id='line_1_33' title="bbox 89 4143 1150 4228; baseline 0 -25"><span class='ocrx_word' id='word_1_250' title='bbox 89 4156 268 4208; x_wconf 72' lang='lat' dir='ltr'><em>auieasirons</em></span> <span class='ocrx_word' id='word_1_251' title='bbox 278 4154 313 4206; x_wconf 85' lang='lat' dir='ltr'><em>de</em></span> <span class='ocrx_word' id='word_1_252' title='bbox 324 4143 538 4209; x_wconf 69' lang='lat' dir='ltr'><em>saint-Errouit.</em></span> <span class='ocrx_word' id='word_1_253' title='bbox 552 4155 625 4208; x_wconf 82' lang='lat' dir='ltr'><em>C’est</em></span> <span class='ocrx_word' id='word_1_254' title='bbox 635 4172 735 4209; x_wconf 88' lang='lat' dir='ltr'><em>encore</em></span> <span class='ocrx_word' id='word_1_255' title='bbox 743 4160 757 4207; x_wconf 70' lang='lat' dir='ltr'><em>i</em></span> <span class='ocrx_word' id='word_1_256' title='bbox 765 4155 803 4209; x_wconf 82' lang='lat' dir='ltr'><em>toi</em></span> <span class='ocrx_word' id='word_1_257' title='bbox 814 4155 899 4228; x_wconf 87' lang='lat' dir='ltr'><em>qu&#39;on</em></span> <span class='ocrx_word' id='word_1_258' title='bbox 912 4156 971 4209; x_wconf 87' lang='lat' dir='ltr'><em>doit</em></span> <span class='ocrx_word' id='word_1_259' title='bbox 983 4155 1150 4207; x_wconf 62' lang='lat' dir='ltr'><em>t‘utmuon.</em></span> 
     </span>
     <span class='ocr_line' id='line_1_34' title="bbox 90 4244 899 4316; baseline 0.01 -26"><span class='ocrx_word' id='word_1_260' title='bbox 90 4254 158 4296; x_wconf 83' lang='lat' dir='ltr'><em>toute</em></span> <span class='ocrx_word' id='word_1_261' title='bbox 171 4248 305 4314; x_wconf 68' lang='lat' dir='ltr'><em>gratuitu.</em></span> <span class='ocrx_word' id='word_1_262' title='bbox 322 4245 449 4298; x_wconf 75' lang='lat' dir='ltr'><em>d&#39;Exnies</em></span> <span class='ocrx_word' id='word_1_263' title='bbox 466 4265 499 4298; x_wconf 79' lang='lat' dir='ltr'><em>au</em></span> <span class='ocrx_word' id='word_1_264' title='bbox 515 4264 582 4316; x_wconf 75' lang='lat' dir='ltr'><em>tang</em></span> <span class='ocrx_word' id='word_1_265' title='bbox 597 4244 631 4298; x_wconf 82' lang='lat' dir='ltr'><em>de</em></span> <span class='ocrx_word' id='word_1_266' title='bbox 645 4245 786 4298; x_wconf 68' lang='lat' dir='ltr'><em>residente</em></span> <span class='ocrx_word' id='word_1_267' title='bbox 798 4245 899 4314; x_wconf 63' lang='lat' dir='ltr'><em>roiate.</em></span> 
     </span>
    </p>
   </div>
   <div class='ocr_carea' id='block_1_7' title="bbox 0 0 1528 5244">
    <p class='ocr_par' dir='ltr' id='par_1_8' title="bbox 0 0 1528 5244">
     <span class='ocr_line' id='line_1_35' title="bbox 0 0 1528 5244; baseline 0 0"><span class='ocrx_word' id='word_1_268' title='bbox 0 0 1528 5244; x_wconf 95' lang='lat' dir='ltr'><em> </em></span> 
     </span>
    </p>
   </div>
  </div>
 </body>
</html>
