3046 5244
112 457 218 531 {iussn
477 451 587 512 latren
608 452 793 511 omarus.
1118 454 1178 514 soa

112 582 321 667 monachus,
339 583 373 652 in
389 583 562 679 regimine
574 584 750 654 successit.
767 583 831 653 llic
843 582 971 653 litteris
982 579 1176 654 admodum

111 704 177 773 luit
198 699 373 785 imbutus,
394 701 565 799 eloquens
581 716 617 771 et
635 697 828 797 j0cundus,
850 698 999 798 ideoque
1015 697 1177 771 amabilis

111 816 292 889 omnibus.
304 817 536 914 injuventute
546 813 590 885 de
604 815 732 886 illustri
744 812 1123 886 familiamonachilem
1131 812 1174 885 ad

112 933 418 1002 conversationem
427 930 538 1015 venit,
549 927 713 1002 etdecem
722 930 825 1000 annis
838 930 873 999 in
883 931 1102 1000 monasterio
1111 955 1177 1027 per

109 1049 335 1120 diversorum
360 1047 490 1146 gradus
509 1048 711 1120 officiorum
736 1046 920 1118 humiliter
942 1046 1173 1117 ministravit.

111 1164 309 1239 lindecimo
333 1164 475 1237 [aridem
498 1191 595 1237 antro
623 1161 775 1235 abbatiae
797 1190 938 1249 curam,
964 1162 1111 1260 jubente
1141 1178 1176 1233 et

109 1300 340 1355 consecrante
364 1281 519 1354 Girardo
548 1281 706 1381 Sagiensi
734 1281 905 1378 praesule,
933 1280 1106 1378 suscepit,
1140 1296 1177 1351 et

110 1425 168 1471 ,rvr
184 1402 286 1470 anms
306 1401 400 1472 inter
413 1424 524 1471 saevos
534 1397 715 1472 bellorum
730 1396 1045 1470 turbinesstrenue
1059 1397 1172 1483 rexit,

108 1515 243 1614 licique
259 1517 369 1586 fretus
386 1514 536 1600 auxilio,
552 1541 620 1612 pro
637 1516 809 1611 temporis
830 1516 1102 1611 opportunitate
1122 1538 1176 1585 res

107 1632 264 1702 ecclesiae
274 1630 467 1729 diligenter
477 1632 588 1702 auxit.
606 1629 742 1702 Deinde
756 1628 929 1702 liodberti
943 1630 1176 1702 Belesmensis

107 1747 242 1816 saevitia
261 1747 366 1817 nimis
385 1747 608 1833 imminente,
631 1746 667 1816 in
682 1745 848 1841 Angliam
870 1744 1047 1842 confugit,
1066 1768 1175 1843 quem

108 1888 170 1933 rex
188 1864 362 1935 llenricus
387 1862 585 1936 honorilice
605 1887 724 1933 secum
741 1859 912 1946 detinuit,
932 1878 968 1932 et
985 1887 1050 1958 per
1067 1861 1175 1932 Gon-

105 1978 243 2051 dnll'um
272 1981 461 2077 praesulem
492 1979 648 2051 hollensi
680 1977 861 2076 episcopio
886 1978 1058 2076 praelecit.
1089 1976 1174 2049 lnde

106 2116 185 2194 post
203 2099 339 2199 aliquot
353 2124 466 2171 annos
486 2114 688 2195 promotus,
709 2095 902 2167 venerabili
927 2096 1098 2168 Anselmo
1112 2123 1174 2166 ar·

106 2213 309 2312 chipraesuli
325 2217 506 2301 successit,
524 2231 560 2285 et
573 2239 702 2285 novem
723 2213 825 2284 annis
842 2212 1078 2285 lloroberniae
1092 2238 1174 2285 me-

107 2334 239 2431 tropoli
258 2336 415 2430 praeluit.

155 2447 262 2520 Antio
281 2451 387 2522 tertio
410 2450 592 2522 Guillelmi
619 2451 699 2522 Ruli
716 2452 809 2549 regis
833 2450 1054 2549 Anglorum,
1074 2451 1174 2520 Lari-

106 2566 260 2653 l'rancus,
275 2566 541 2639 Cantuariensis
554 2570 765 2666 metropolis
774 2569 973 2666 episcopus,
986 2567 1174 2640 defunctus

106 2698 154 2751 est
183 2684 259 2778 (i),
278 2700 313 2754 et
339 2686 374 2756 in
398 2682 540 2757 basilica
564 2685 703 2758 Sanctae
732 2686 938 2774 Trinitatis,
965 2711 1073 2784 quam
1100 2687 1174 2783 ipse

107 2798 259 2870 mirilico
275 2825 383 2898 opere
401 2819 668 2888 construxerat,
689 2819 772 2874 ante
789 2802 999 2876 crucifixum
1017 2804 1175 2901 sepultus

106 2932 168 2985 est.
192 2917 372 2989 [lercensis
390 2937 507 2990 autem
527 2920 716 2991 Anselmns
741 2947 845 3018 supra
874 2921 1043 3018 scriptam
1072 2946 1174 2992 com-

107 3033 272 3125 patriotae
295 3033 347 3104 sui
373 3037 586 3106 memoriam
623 3034 768 3108 herot'co
805 3038 964 3107 carmine
998 3036 1173 3108 volumini

107 3144 385 3243 lacrymabiliter
400 3149 548 3238 indidit,
566 3152 701 3250 licique
717 3166 806 3222 nutu
822 3168 903 3247 post
923 3151 1121 3222 triennium
1137 3151 1174 3222 in

109 3262 311 3335 cathedram
323 3265 575 3354 lloroberniae,
593 3267 824 3339 ecclesiastica
838 3268 1012 3339 electione
1026 3292 1176 3365 promo-

110 3395 181 3467 tus,
210 3380 368 3454 ascendit
393 3385 461 3479 (a).
488 3382 624 3455 Deinde
643 3386 732 3455 infra
750 3382 1020 3470 decemuiros,
1044 3383 1175 3484 quibus

109 3498 334 3589 postmodnm
348 3502 512 3598 regnavit
525 3499 737 3572 Guillelmus
752 3502 874 3588 Rulus,
887 3500 1056 3588 Thomas,
1074 3501 1173 3574 Ebo-

111 3616 259 3685 racensis
274 3617 506 3713 metropolita
520 3620 588 3712 (5),
606 3618 856 3714 coepiscopum
867 3642 968 3691 suum
981 3633 1100 3692 morte
1117 3641 1175 3689 se-

114 3825 158 3837 ὴ-
166 3832 176 3839 0
182 3831 281 3841 ...ι--
286 3832 378 3841 —---—

142 3960 178 4024 {rt
193 3958 228 4011 lc
242 3960 275 4012 28
290 3963 343 4014 mai
361 3962 434 4033 ¹⁰39·

144 4052 178 4113 ὰ)
200 4047 317 4100 Nomine
339 4067 388 4118 par
409 4050 602 4111 acclamationi,
627 4056 687 4121 prce
710 4049 748 4103 du
770 4050 802 4104 lit
823 4051 857 4103 dc
875 4049 1175 4107 Gutttaumeac-ltoux

114 4136 225 4198 malado,
242 4138 266 4189 lc
280 4138 298 4185 o
312 4157 383 4189 irrars
401 4137 479 4210 1093,
496 4143 570 4193 sacre
585 4140 608 4190 lc
623 4143 639 4202 l
653 4139 799 4193 decembri·
815 4142 931 4194 sitirent.

155 4223 177 4287 3,
195 4227 331 4283 ihomas.
350 4230 469 4297 prcrnicr
488 4229 524 4282 dn
542 4248 622 4295 nour,
638 4231 809 4302 archeriiqnc
828 4231 929 4283 d'l'orh
950 4231 1007 4283 ‘clu
1027 4230 1050 4283 lc
1070 4234 1102 4294 ul
1121 4234 1174 4285 mni
