3046 5244
228 422 334 502 riost]
594 422 920 487 reinsuocnvus.
1234 427 1295 489 tia

227 554 389 655 perculsa
409 553 631 640 rumoribus,
648 555 841 654 expalluit,
863 557 950 627 etin
965 572 1084 629 castro
1105 557 1296 631 certitudi-

226 699 309 746 nem
329 675 379 745 rei
397 675 561 745 cuiusuis
577 673 779 772 praestolari
796 672 968 746 decrevit.
987 672 1057 746 Sed
1074 675 1147 747 sola
1164 677 1297 749 mulier

225 807 352 863 contra
367 817 536 888 procaces
549 793 658 871 viros,
673 789 772 891 quoil
784 789 852 862 sibi
864 789 1002 864 bouum
1015 790 1216 879 videbatur,
1235 789 1297 866 de·

224 905 373 979 letulere
393 934 466 979 uon
484 910 615 1004 potirit.
640 909 776 995 Porro,
800 909 868 980 illis
884 908 927 980 de
944 926 1061 981 castro
1077 909 1298 1007 egredienti-

226 1024 293 1095 bus
301 1041 336 1095 ct
348 1024 576 1122 impudenter
586 1023 877 1107 vociferantibus,
887 1024 1091 1097 Rodber·tus
1103 1026 1300 1099 llelesmeu·

227 1143 286 1229 sis,
301 1158 483 1238 comperta
498 1141 699 1240 hujusmodi
715 1168 770 1231 rc,
787 1144 908 1214 statim
921 1143 1042 1232 allinit,
1056 1145 1299 1216 munitionem

228 1276 498 1358 propugnatore
509 1286 655 1332 vacuam
671 1261 824 1359 reperit,
842 1260 944 1331 facile
958 1261 1123 1348 intravit,
1141 1261 1300 1358 penitus·

228 1401 299 1475 que
324 1376 512 1474 spoliavit,
537 1375 762 1477 llammisque
786 1378 923 1476 reliqua
949 1380 1206 1450 concremavit.
1233 1380 1300 1450 ln·

229 1494 339 1590 gressi
359 1509 534 1580 castrum,
555 1491 689 1565 lebetes
709 1519 816 1592 super
838 1494 937 1593 ignes
953 1494 1130 1566 ferventes
1148 1496 1300 1567 invene-

231 1624 331 1696 runt,
353 1608 521 1681 carnibus
538 1611 678 1708 plenas,
701 1626 737 1683 et
749 1636 887 1681 mensas
900 1611 1076 1709 mappulis
1091 1626 1299 1709 coopertas,

229 1741 266 1796 et
283 1752 376 1797 escas
394 1754 477 1799 cum
501 1752 591 1824 pane
605 1753 712 1824 super
729 1728 930 1825 appositas,
949 1728 1203 1827 sagiensesque
1219 1752 1303 1799 mo-

231 1842 334 1915 uaclri
359 1843 548 1917 brachium
571 1847 682 1918 sancti
705 1846 868 1917 Ceuerici
892 1843 1097 1917 deecclesia
1117 1844 1300 1930 tulerunt,

229 1979 265 2033 et
290 1965 325 2033 iu
345 1965 464 2034 Saurti
484 1964 630 2035 Martini
649 1961 860 2036 coeuobium
879 1978 1088 2036 reverenter
1107 1961 1304 2033 transtule-

232 2096 329 2150 runt.
347 2082 437 2152 Nam
453 2083 590 2180 reliqua
606 2108 688 2178 pars
702 2081 865 2179 corporis
881 2083 955 2179 ejus
970 2080 1006 2151 in
1020 2079 1174 2151 Castello
1186 2077 1305 2151 Theo·

229 2194 343 2269 dorici
358 2224 464 2295 super
477 2200 677 2271 Maternum
691 2198 841 2271 lluvium
855 2200 909 2296 (1)
922 2213 1098 2287 servatur,
1112 2213 1150 2269 et
1162 2223 1180 2267 a
1193 2194 1304 2267 Gallis

230 2314 363 2387 celebri
382 2318 573 2389 devotione
590 2333 805 2390 veneranter
820 2317 1012 2390 excolitur.

280 2432 442 2530 Cumque
459 2433 656 2506 Geroiauus
672 2432 719 2505 ab
733 2435 855 2506 amicis
873 2433 975 2505 laetus
994 2448 1250 2518 reverteretur,
1270 2447 1305 2502 ct

227 2547 274 2620 de
291 2549 424 2621 damno
443 2551 595 2623 inimicis
614 2553 745 2624 iterum
763 2550 948 2624 inserendo
962 2554 1094 2623 frustra
1112 2548 1306 2622 meditare-

231 2683 305 2754 tur,
321 2669 404 2767 quia
421 2669 516 2739 nulla
533 2671 694 2767 potentia
711 2670 921 2742 mortalium
938 2669 1129 2767 longeest,
1149 2665 1305 2740 adversis

230 2784 439 2856 rumoribus
456 2789 651 2884 perceptis,
673 2812 717 2859 ex
741 2788 922 2885 insperato
939 2786 1142 2858 confractus
1160 2798 1226 2855 est.
1246 2783 1305 2854 Sic

231 2897 364 2969 nobilis
379 2903 481 2971 miles
493 2904 661 3000 protinus
676 2900 909 2975 exheredatus
921 2917 987 2989 est,
1000 2916 1037 2972 et
1047 2916 1304 2972 extraneorum

231 3013 383 3113 hospitia
403 3019 483 3088 exul
498 3037 658 3116 repetere
676 3036 818 3092 coactus
832 3036 897 3092 est.
913 3017 1052 3091 Eodem
1072 3043 1181 3102 auno,
1194 3014 1306 3089 Rade-

231 3133 374 3230 gruulis,
390 3162 483 3207 uxor
492 3139 578 3234 ejus,
588 3136 700 3234 proba
708 3134 1302 3222 semiuactlrouesta,defunctaest.

230 3250 346 3341 Quam
356 3252 463 3348 paulo
475 3254 912 3351 postGuillelmusinfans,
923 3253 1107 3351 liliusejus‚
1115 3250 1306 3324 moriendo

231 3383 372 3438 secutus
387 3384 451 3455 est,
468 3394 576 3469 <piem
592 3369 797 3442 Rodbertus
809 3368 1041 3441 Belesmeusis
1058 3367 1221 3440 obsidem
1238 3366 1305 3439 lra-

231 3481 374 3569 buerat‚
389 3503 422 3557 et
435 3514 500 3584 per
511 3514 637 3559 manus
649 3486 824 3561 liodberti
837 3485 880 3559 de
891 3485 1046 3582 Poileio(
1052 3488 1102 3583 a),
1114 3502 1155 3558 ut
1163 3485 1303 3573 dicunt,

232 3627 374 3675 veneno
392 3606 605 3677 extinxerat.
1243 3628 1246 3633 '

1155 3670 1168 3693 .

282 3720 481 3793 Goroiauus
502 3725 622 3824 itaque
633 3780 643 3812 ,
671 3740 724 3797 tot
747 3724 951 3796 infortuniis
969 3723 1071 3795 loesus
1082 3777 1094 3812 ,
1111 3720 1155 3793 ad
1172 3722 1306 3793 amicos

231 3878 346 3887 —0-·-·
358 3882 362 3886 ·
375 3882 391 3887 —
402 3882 409 3887 —
426 3883 448 3888 ·--
472 3884 481 3888 -
501 3884 522 3889 ι-
534 3884 880 3893 --.-.—-—..-.—-—-——
888 3882 1110 3891 --——-—-—.—.-
1120 3878 1309 3889 .-—-..-—-—--

268 3950 277 4003 l
284 3962 305 4015 ι)
321 3949 574 4004 (Iliitruu-'l'lrierri
589 3971 636 4004 sur
651 3954 755 4007 llarne.

268 4038 306 4103 la)
328 4038 545 4093 l'vulralileuunt
564 4042 667 4107 leuto,
688 4042 923 4097 arronilissenreut
941 4041 976 4095 (le
994 4041 1030 4095 La
1048 4039 1156 4095 fleclrr.
1176 4038 1253 4092 liude
1272 4037 1308 4091 dr

233 4125 321 4178 l’orlli·
341 4128 429 4197 ligura·
449 4149 556 4183 ruirirue
575 4136 678 4187 ternoiu
694 4133 762 4188 (laus
779 4152 833 4187 une
847 4133 944 4189 charte
956 4131 991 4185 ‹le
1006 4130 1112 4187 lloliert
1124 4127 1159 4181 (le
1174 4127 1306 4185 llelleme.

234 4236 297 4269 striis
311 4218 333 4270 lu
351 4220 414 4271 elate
429 4221 463 4273 ‹lr
481 4242 554 4292 nure
