3046 5244
459 449 575 511 LIBER
594 448 781 511 octavus.
1088 454 1148 513 287

81 582 247 653 militiam
270 577 446 669 deseruit,
472 597 509 653 et
533 583 643 653 lactus
665 578 883 669 monachus,
907 580 988 679 plus
1014 582 1151 653 cunctis

81 695 260 770 sodalibus
277 696 349 767 suis
368 697 405 768 in
432 695 648 768 monachatu
673 694 873 785 desudavit,
898 713 935 768 et
956 696 1032 769 sere
1046 697 1151 797 quin·

81 816 249 916 quaginta
265 816 368 886 annis
384 815 420 885 in
436 812 564 887 ordine
576 812 771 887 monachili
786 812 944 887 fervidus
959 815 1062 887 vixit.
1082 814 1150 885 llic

82 934 255 1006 nimirum
275 931 430 1004 ecclesiae
444 957 515 1003 suae
534 931 679 1003 utilitati
697 931 779 1002 satis
798 931 970 1023 inhiavit,
984 958 1052 1031 pro
1066 933 1151 1031 qui-

82 1049 147 1121 hus
159 1051 406 1121 Britannicum
421 1048 756 1147 pelagusmultoties
769 1049 1029 1136 transfretavit,
1045 1064 1152 1149 atque

83 1164 250 1264 Apuliam
286 1182 322 1237 et
352 1165 576 1257 Calabriam,
603 1165 851 1263 Siciliamque,
884 1182 924 1236 ut
954 1164 998 1239 de
1030 1166 1153 1263 spoliis

84 1300 273 1383 parentum
294 1309 440 1357 suorum
456 1283 612 1355 ecclesiae
636 1309 707 1355 suoe
730 1280 928 1355 subsidium
945 1282 1153 1381 suppedita-

85 1419 150 1483 ret,
163 1402 378 1498 penetravit.
391 1402 494 1473 Tunc
504 1399 923 1487 Guillelmum‚ahbatem
932 1400 1071 1471 Sanctae
1083 1400 1152 1470 Eu·

84 1518 210 1597 lemiae,
223 1519 371 1588 fratrem
385 1542 500 1599 snum,
511 1532 547 1587 et
561 1514 796 1588 Guillelmum
808 1514 852 1588 de
863 1515 1152 1599 Grnntemaisuil,
1199 1512 1204 1521 ’

86 1632 343 1705 consobrinum
361 1659 462 1704 suum
477 1633 532 1729 (1)
541 1687 552 1721 ,
571 1632 729 1731 aliosque
742 1648 913 1732 cognatos
929 1659 1010 1705 suos
1029 1633 1065 1705 in
1083 1635 1154 1703 lta-

87 1748 129 1819 lia
161 1749 395 1847 locupletatos
419 1748 526 1835 adiit,
550 1751 703 1848 ipsisque
730 1747 885 1848 benigna
916 1751 952 1821 vi
977 1765 1151 1850 quantum

86 1868 219 1963 potuit,
243 1883 282 1936 ut
306 1868 525 1938 monasterio
543 1891 606 1937 suo
623 1865 822 1955 conferret,
849 1865 1008 1937 abstulit.
1027 1866 1085 1937 Sic
1109 1864 1153 1937 de

87 1980 191 2054 rebus
204 1998 394 2079 pareutum
409 2009 556 2055 suorum
572 1998 739 2070 ornatus,
755 1999 791 2054 et
806 1983 872 2054 alia
894 1980 1081 2055 commoda
1095 2008 1154 2054 ee-

87 2100 200 2171 clesiae
222 2124 294 2170 suae
320 2100 545 2197 procuravit,
571 2099 733 2199 ipsosque
753 2101 1037 2197 coruanguineos
1060 2099 1156 2170 utili-

88 2213 217 2285 tatibus
247 2217 452 2287 monasterii
479 2215 692 2313 subjugavit.
724 2215 855 2286 Multas
882 2216 1027 2313 injurias
1049 2231 1155 2313 atque

88 2331 241 2427 repulsas
268 2332 433 2429 plurimis
460 2333 497 2403 in
523 2332 610 2404 locis
634 2331 806 2430 pertulit,
830 2330 889 2403 sed
915 2330 961 2401 ab
993 2332 1154 2427 incoepto

87 2464 236 2536 conatu,
257 2448 339 2521 licet
357 2450 523 2547 plurimis
541 2447 813 2521 adversitatibus
829 2447 1010 2519 interdum
1025 2464 1062 2519 et
1077 2447 1151 2519 lvc-

87 2582 236 2664 quenter
265 2566 511 2663 impediretur,
542 2565 672 2663 depelli
698 2592 770 2638 non
799 2567 932 2663 potuit.
961 2564 1155 2637 Praedictus
1272 2550 1277 2559 ¹

89 2685 142 2755 vir
161 2683 215 2755 his
240 2701 276 2754 et
301 2684 501 2782 lurjusmodi
527 2683 743 2756 nisibus'sat
771 2684 973 2781 procaciter
999 2680 1152 2772 studuit,

87 2802 228 2900 ejusque
240 2798 357 2872 studio
372 2798 538 2873 conditus
548 2826 655 2898 super
670 2800 847 2871 tumulum
856 2800 976 2871 fratris
989 2800 1040 2871 sui
1045 2854 1056 2887 ,
1073 2799 1157 2896 lapi-

88 2917 171 2989 deus
196 2944 298 2989 arcus
327 2944 436 3017 usque
464 2917 568 2990 hodie
596 2918 772 2991 consistit.
802 2916 994 2990 Rainaldus
1023 2917 1154 3014 pictor,

89 3050 328 3133 cognomento
359 3034 635 3120 llartolomaeus,
672 3035 779 3105 variis
815 3032 996 3106 coloribus
1032 3058 1154 3103 aarum

91 3152 337 3251 tumulumque
354 3149 538 3248 depinxit,
560 3167 595 3222 et
620 3151 746 3243 Vitalis
766 3150 987 3249 Angligeua,
1013 3150 1094 3220 satis
1111 3148 1156 3219 ab

90 3267 248 3341 Ernaldo
275 3285 437 3367 rogatus,
465 3267 686 3365 epitaphium
715 3269 877 3367 elegiacis
905 3266 1063 3339 uersibus
1091 3266 1158 3337 hoe

92 3386 196 3459 modo
210 3386 321 3458 edidit
341 3418 349 3456 ;

196 3544 255 3595 lloc
268 3543 295 3594 in
312 3540 450 3595 mausoleo
465 3541 624 3595 Radbertus
637 3540 671 3593 de
686 3538 840 3593 llodelento

226 3632 366 3685 (invaditur
380 3632 503 3684 humano
517 3650 594 3685 vivore
607 3631 656 3684 soli
672 3631 788 3702 grentio.

196 3721 280 3774 Filius
296 3722 429 3789 L'nlvvdi,
446 3722 582 3776 llacoruvu
596 3732 733 3793 spermate
749 3724 820 3783 nati,

231 3813 321 3864 Fortis
332 3824 359 3863 et
375 3813 490 3867 illustris
505 3815 556 3866 ine
569 3814 622 3866 luit
632 3812 750 3883 jvrveuis.

196 3901 313 3972 llapsilis
324 3913 351 3956 et
365 3922 489 3974 perfruar,
502 3903 593 3971 agilis,
608 3903 746 3956 formosus
759 3910 788 3954 et
801 3898 889 3953 audax

351 4049 510 4055 ---..--.——
530 4046 953 4057 ——-.-—-..—-—-.——----.
964 4044 990 4051 ..-
1021 4040 1098 4049 —-—--

130 4142 136 4167 ¹¹
144 4158 150 4189 ι
177 4137 355 4193 (inillauure.
372 4140 472 4193 secntvd
489 4141 530 4192 lils
543 4140 577 4193 de
591 4142 692 4211 llngue
705 4140 739 4192 de
751 4137 956 4193 Grcntnncsnit
969 4148 996 4187 et
1010 4132 1113 4205 gundre
1125 4132 1160 4183 dr

99 4224 195 4280 ltnbcrt
209 4228 360 4282 ‹jansen-(t.
