3046 5244
227 422 311 549 [sit]
608 463 900 528 tvssassxrus.
1243 466 1282 525 ar

228 597 521 685 vociferantibus,
539 599 776 671 irreverenter
791 614 1000 697 rapuerunt.
1020 596 1074 669 lbi
1091 597 1282 684 nimirum,

227 716 428 816 rapacitatis
442 712 588 787 habenis
596 714 746 788 omnino
755 715 932 804 relaxatis,
947 715 1129 786 neminem
1138 713 1285 786 reveriti

225 849 326 923 sunt,
339 829 404 906 sed
416 829 529 905 libros
539 846 717 920 etvestes,
728 833 934 932 variamque
944 831 1200 930 supellectilem
1213 847 1287 903 tam

227 949 489 1025 monachorum
515 975 623 1048 quam
642 949 815 1022 clientum
833 974 960 1022 eorum
981 945 1229 1046 diripuerunt,
1253 963 1290 1020 et

228 1082 491 1167 perscrutantes
501 1064 621 1137 omnia
634 1090 715 1164 quse
726 1063 879 1164 pridem,
889 1062 1086 1152 monacbis,
1103 1062 1290 1135 utdictum

229 1201 295 1275 est,
313 1184 400 1283 ipsis
412 1179 668 1281 pandentibus,
684 1196 954 1281 compererant,
970 1180 1201 1272 sustulerunt.
1219 1179 1291 1251 De-

229 1301 336 1401 nique
349 1300 467 1399 juncti
485 1298 634 1398 reliquae
651 1297 892 1399 multitudini,
909 1297 954 1370 de
967 1298 1142 1370 Neustriae
1160 1296 1292 1369 linibus

229 1421 412 1504 exierunt,
427 1418 524 1490 etsie
538 1442 663 1489 omnes
674 1415 879 1516 conglobati
893 1415 937 1487 ad
951 1415 1067 1489 natale
1078 1415 1197 1488 solum
1210 1439 1294 1487 cum

231 1534 350 1634 praeda
362 1533 534 1633 repedare
541 1535 810 1608 festinaverunt.
824 1534 1006 1608 Uticenses
1017 1549 1137 1607 autem
1147 1533 1184 1605 in
1197 1546 1294 1605 tanta

232 1651 449 1727 desolatione
466 1652 573 1724 nimis
593 1649 762 1751 lugubres
783 1650 899 1725 effecti
919 1667 1023 1743 sunt,
1045 1667 1082 1724 et
1102 1649 1189 1750 quid
1207 1673 1296 1748 age·

234 1787 332 1856 rent,
353 1768 411 1841 vel
429 1794 503 1868 quo
520 1769 616 1842 irent
630 1769 763 1841 amissis
779 1765 947 1842 omnibus
963 1769 1185 1854 nescierunt3
1205 1791 1297 1840 con-

235 1884 393 1959 sideratis
410 1901 528 1957 tamen
546 1884 753 1973 eventibus,
771 1913 853 1960 cum
868 1887 1040 1959 translato
1054 1901 1156 1985 patre
1172 1902 1297 1959 sancto

238 2002 456 2101 peregrinari
472 2001 723 2075 decreverunt.

280 2117 437 2212 Quidam
450 2144 558 2193 senex
569 2118 800 2209 venerabilis,
819 2121 968 2193 nomine
982 2119 1185 2206 Ascelinus,
1203 2119 1298 2192 Utici

240 2237 450 2335 prepositus
468 2238 523 2335 (s)
541 2252 636 2324 erat,
661 2238 888 2336 officiumque
908 2237 1090 2335 prioratus
1105 2234 1302 2310 secundum

240 2353 545 2451 opportunitatem
562 2354 733 2452 temporis
748 2353 941 2453 diligenter
957 2351 1095 2453 agebat.
1112 2353 1195 2440 llic,
1214 2350 1302 2425 dum

242 2467 380 2543 vidisset
396 2468 592 2544 monachos
607 2489 643 2543 et
661 2497 787 2545 eorum
803 2472 968 2545 vernulas
987 2473 1024 2544 in
1042 2472 1156 2544 nimio
1173 2471 1304 2543 consti·

243 2599 332 2658 tutos
346 2611 527 2673 moerore,
542 2603 577 2660 et
591 2613 716 2661 omnes
728 2588 820 2661 velle
831 2588 950 2661 locum
961 2588 1097 2686 pariter
1107 2585 1305 2660 desolatum

242 2702 506 2805 derelinquere,
531 2723 741 2806 patremque
764 2705 909 2778 beatum
931 2731 1081 2805 peregre
1101 2704 1200 2805 sequi
1222 2729 1306 2777 cum

244 2819 361 2895 hostili
378 2824 540 2922 agmine,
559 2825 670 2896 multa
694 2849 813 2898 secum
834 2825 1022 2898 revolvens
1044 2822 1166 2897 subtili
1189 2820 1306 2895 medi-

245 2942 397 3026 tamine,
425 2937 584 3014 decrevit
607 2940 740 3014 ibidem
766 2969 848 3015 cum
873 2942 1004 3015 timore
1027 2941 1173 3015 Domini
1197 2939 1306 3011 finem

245 3082 342 3128 suum
359 3074 560 3155 expectare.
579 3059 742 3156 Denique
763 3075 910 3131 cunctos
932 3049 1059 3131 fratres
1075 3057 1253 3147 accersiit,
1271 3072 1308 3130 et

247 3173 277 3245 iu
295 3199 413 3246 unum
430 3175 654 3275 congregatis
668 3176 717 3247 ait
735 3206 743 3246 ε
758 3178 835 3248 Pru
849 3181 1167 3276 peccatisnostris,
1190 3193 1224 3247 et
1235 3202 1307 3276 pa·

247 3304 334 3359 trum
345 3306 559 3377 nostrorum,
571 3291 698 3362 divina
704 3295 889 3391 percussio
902 3318 1011 3393 super
1022 3319 1088 3365 aas
1102 3292 1305 3379 descendit,

249 3422 278 3472 et
294 3406 497 3478 terribiliter
511 3412 668 3496 irruens,
688 3435 751 3480 nos
773 3426 806 3480 et
823 3426 946 3480 nostra
958 3414 1103 3508 pertitus
1121 3410 1306 3495 contrivit,

251 3523 601 3624 irreparabiliterque
620 3525 763 3626 dejecit.
789 3527 889 3598 Ecce
912 3527 1040 3598 Jader
1067 3528 1307 3625 omnipotens,

253 3640 339 3707 sicat
366 3666 437 3741 per
467 3668 597 3713 manus
629 3642 964 3717 Nabuchodonosor
992 3662 1025 3714 et
1053 3645 1310 3718 Chaldaeorum

255 3753 447 3831 Jerusalem
461 3777 496 3831 et
514 3761 902 3860 templumSalomonis
914 3763 1114 3850 destruxit,
1132 3780 1311 3835 sanctau-

258 3874 409 3972 u'umqae
425 3902 531 3947 suum
545 3879 649 3976 juste
664 3878 885 3963 humiliavit,
909 3887 963 3950 sie
980 3905 1053 3979 per
1070 3906 1201 3952 metuar
1225 3880 1310 3949 Hu-

1175 4064 1312 4075 0.—

290 4160 367 4227 'tjlk
381 4174 440 4216 mot
453 4174 495 4215 est
509 4164 543 4217 ici
558 4181 708 4231 svnonynve
722 4163 756 4219 de
772 4169 874 4236 prieur,
891 4183 999 4221 commo
1012 4166 1145 4238 l’indique
1159 4165 1182 4218 la
1195 4166 1265 4219 suite
1277 4164 1312 4218 de

1147 4371 1164 4389 n

1151 4404 1161 4439 Ι
