3046 5244
97 446 204 525 [iuti]
460 444 578 508 tinen
596 445 801 508 sutrinus.
994 496 999 505 .
1105 448 1168 511 en

237 576 366 645 Efficere,
380 587 410 633 ct
422 587 531 633 unium
543 579 583 634 tic
596 577 698 634 violare
710 576 823 634 locuni?

205 671 241 725 Et
253 669 324 725 male
333 668 462 724 tractavit
472 668 553 740 cnjus
563 669 709 724 tementia
720 667 835 723 dextra?

240 759 318 815 Fecit
330 769 358 814 et
369 759 424 813 hoc
436 758 544 814 lurtum
556 759 621 835 quit
634 759 718 815 modo
729 758 897 833 sacrilegus?

204 850 259 907 Sed
271 850 420 914 fortunati,
435 850 483 924 qui
496 849 616 924 predam
628 850 706 906 sertis
718 850 854 923 opimam!

240 942 297 997 Nus
310 940 434 996 infelices
445 951 563 1015 occupet
576 958 659 997 omne
671 939 790 995 malum!

99 1082 228 1179 Myreis
254 1081 373 1182 itaque
395 1079 550 1153 nimium
579 1077 803 1180 lugentibus,
829 1078 1038 1181 luctumque
1067 1103 1172 1152 suum

100 1197 219 1271 ulcisci
240 1223 314 1271 uon
335 1195 553 1286 valentibus,
578 1197 650 1269 laeti
668 1197 838 1270 Burences
855 1196 1022 1270 celeriter
1039 1193 1175 1269 ruden-

101 1331 149 1386 tes
165 1314 376 1402 exsolvunt,
401 1328 437 1385 et
458 1312 676 1412 remigantes
692 1327 800 1387 nocte
820 1312 879 1384 illa
899 1310 1071 1402 insulam,
1090 1336 1172 1412 quoe

98 1431 275 1505 cacabum
290 1429 424 1504 dicitur
440 1433 455 1527 (
464 1442 513 1525 t),
528 1429 675 1519 adeunt,
694 1446 730 1503 et
747 1429 829 1504 inde
845 1430 1030 1504 Mniestras
1046 1427 1091 1503 nd
1112 1428 1175 1503 in-

99 1550 188 1622 sulas
209 1551 266 1647 (2)
294 1550 444 1648 proiecti
471 1565 568 1621 sunt.
596 1549 690 1622 ilinc
711 1573 799 1623 vero
822 1546 1043 1623 discedentes
1061 1546 1174 1620 nimie

98 1694 178 1740 cum
193 1667 423 1740 testinatione
440 1691 625 1741 remorum
635 1686 653 1755 ,·
664 1664 710 1740 ad
723 1666 800 1741 loen
809 1719 820 1755 ,
841 1665 902 1739 ubi
917 1665 1030 1739 Macri
1045 1663 1175 1739 dicuu-

101 1801 156 1855 tur
177 1785 254 1881 (3),
274 1783 546 1883 applicueruut,
567 1781 690 1885 ibique
714 1781 835 1855 triduo
852 1799 1005 1881 propter
1021 1782 1175 1856 Boream

100 1899 163 1972 sibi
181 1901 408 1973 contrarium
424 1916 715 2000 permanserunt.
737 1899 844 1974 Unde
863 1901 1016 1972 nimium
1037 1898 1174 1972 turbati

102 2033 201 2103 suut,
219 2032 256 2089 et
266 2015 432 2090 dubitare
446 2033 619 2091 utrumne
630 2043 762 2117 corpus
774 2018 886 2091 sancti
901 2017 1040 2091 Nicolni
1055 2042 1176 2090 secum

104 2134 295 2225 haberent,
313 2162 359 2208 nn
379 2137 452 2235 ipse
470 2134 581 2208 abeis
602 2136 696 2208 ultra
713 2136 800 2208 lerri
820 2135 945 2225 vellet,
966 2149 1172 2234 coeperunt.

104 2251 206 2324 'l'unc
223 2251 409 2324 Eustncius
425 2253 495 2349 (4),
509 2278 602 2324 unus
615 2276 660 2324 ex
677 2251 760 2340 illis,
780 2277 847 2349 per
861 2250 1037 2324 visionem
1047 2248 1092 2323 de
1103 2247 1175 2322 du-

105 2365 235 2440 bietate
251 2383 438 2466 correptus
453 2385 527 2455 est,
550 2384 587 2440 et
605 2368 729 2457 nimis,
747 2365 835 2441 dum
852 2366 890 2440 in
907 2368 983 2440 visu
1005 2365 1176 2439 hirundi-

106 2511 192 2557 num
207 2482 386 2557 mornibus
403 2484 525 2586 lingua
543 2487 617 2586 ejus
633 2500 899 2572 cruentaretur,
919 2484 1066 2558 territus
1081 2500 1148 2558 eet.

151 2601 289 2674 Deinde
303 2603 486 2675 communi
504 2602 650 2676 decreto
665 2603 823 2676 minutas
838 2602 1076 2702 reliquiarum
1093 2628 1178 2701 por·

105 2718 297 2804 tiuncnlas,
324 2744 411 2819 quas
430 2718 556 2790 furtim
578 2717 645 2791 sibi
668 2716 816 2818 qnidam
832 2742 961 2792 eorum
983 2715 1176 2791 subtraxe-

105 2853 204 2923 rant,
224 2835 473 2935 protulerunt,
494 2851 529 2907 et
544 2862 626 2909 cum
639 2834 893 2936 jurejurando,
912 2833 1009 2935 quod
1027 2823 1117 2909 nihil
1131 2834 1176 2910 de

134 3084 174 3151 (ι)
187 3081 254 3135 L'ile
267 3080 390 3146 Kalena,
406 3079 430 3133 la
453 3078 609 3135 Dolichiste
627 3079 677 3134 dee
696 3079 823 3146 ancient,
839 3079 977 3153 trie-pres
988 3089 1017 3135 et
1030 3097 1066 3134 nu
1083 3078 1171 3136 s.-0.

104 3172 137 3225 de
152 3172 241 3242 Myre.

135 3267 175 3331 (n)
195 3259 411 3315 Prnlnblement
422 3257 479 3313 l’ile
490 3258 526 3313 de
545 3258 665 3331 Megiste
677 3262 693 3314 l
705 3258 804 3313 l’nuett
815 3256 851 3313 de
861 3256 985 3325 liukart,
998 3268 1028 3313 ct
1041 3258 1080 3313 let
1094 3276 1174 3314 unm·

101 3353 184 3407 brenx
199 3351 263 3405 ilots
274 3350 323 3424 qui
336 3348 515 3404 l'entonient.
531 3349 612 3405 Cette
623 3348 671 3416 ile,
684 3349 734 3423 qni
745 3348 809 3403 s'ect
820 3347 934 3421 appelee
942 3348 1015 3402 aussi
1028 3348 1173 3418 Cittliitne,

101 3454 178 3515 mete
191 3439 372 3512 aujourd’hni
392 3438 417 3494 le
429 3457 494 3493 nom
513 3437 550 3494 de
567 3438 738 3494 Castelnrizo
750 3456 787 3492 ou
801 3437 981 3495 Castelrotto.
995 3440 1046 3494 let
1062 3441 1175 3513 naviga·

99 3545 173 3588 teum
191 3531 228 3586 ‹le
246 3530 308 3585 Bari
322 3528 439 3583 alienent
453 3547 471 3600 y
489 3528 628 3583 cherclrer
642 3546 680 3582 un
693 3527 855 3600 mouillage,
871 3526 925 3582 l'ile
937 3527 973 3582 de
989 3528 1097 3584 liukart
1111 3531 1175 3586 n’en

102 3626 270 3679 louruiscaut
283 3623 374 3693 point.
389 3621 430 3674 De
444 3619 513 3674 ltili
529 3620 683 3692 gagnerent
695 3619 804 3685 Patare,
820 3618 910 3692 patrie
922 3616 958 3673 de
969 3619 1041 3675 caint
1052 3620 1172 3691 llicnlm,

103 3735 176 3767 come
190 3733 220 3766 se
236 3730 332 3764 ncesse
348 3711 446 3765 voluto
467 3710 536 3782 egli,
552 3708 595 3764 dit
610 3708 635 3764 le
652 3710 718 3782 pere
731 3707 861 3773 Bentilln,
880 3711 974 3780 prima
990 3709 1129 3766 divertire
1145 3716 1176 3768 ia

107 3804 200 3867 ltalia,
222 3805 324 3856 visitur
345 3802 374 3855 la
391 3819 444 3855 sua
455 3803 566 3872 pati-ia.
589 3798 794 3871 epoendeme,
809 3816 886 3854 come
907 3800 934 3853 .ςί
952 3797 1028 3866 dice,
1044 3812 1129 3873 grata
1140 3802 1176 3858 ti·

105 3914 193 3948 cenea.
206 3895 308 3950 Patare
320 3901 362 3946 est
377 3893 439 3964 pres
447 3889 482 3945 de
494 3890 705 3945 l‘enibnuchure
717 3888 757 3944 du
770 3888 919 3956 Xanthus,
935 3892 952 3945 l
963 3889 1126 3948 1’0.-tt.-0.
1139 3891 1175 3947 de

107 3984 281 4040 snitelnrizo.

140 4071 179 4144 (5)
199 4075 235 4128 n·
255 4070 329 4145 golle
341 4071 377 4125 de
391 4070 486 4143 llaltcy
500 4071 646 4137 (Glaucus
660 4071 745 4125 Stitus
758 4069 808 4125 des
822 4071 961 4142 ancient),
982 4087 1017 4124 au
1030 4069 1174 4129 tt'.·N.-0.

109 4173 133 4213 ct
146 4165 279 4235 tric-pris
288 4162 324 4215 dc
335 4163 444 4218 Patare.
455 4158 553 4232 lllnltry
565 4170 607 4216 est
619 4159 644 4214 le
662 4160 817 4215 Telmissus
829 4159 878 4215 dec
890 4160 1011 4215 enciens.

141 4256 178 4322 15)
190 4253 276 4309 Statio
286 4255 296 4321 (
305 4253 458 4321 Eustache)
468 4250 613 4319 Stanuria,
626 4251 711 4307 d'une
725 4250 828 4306 samillc
840 4250 905 4306 bien
917 4267 1027 4306 connue
1037 4250 1073 4306 de
1085 4252 1158 4309 llari.
