3016 5242
461 479 577 540 LIBER
598 479 755 541 SEXTUS.
1123 486 1143 544 9

92 608 178 711 quod
192 610 267 709 ipse
280 610 385 708 paulo
397 626 480 683 ante
495 611 529 682 in
547 635 669 684 eremo
685 627 944 684 construxerat
961 611 1073 685 Nudis
1085 637 1145 711 pe-

87 725 184 798 dibus
209 727 475 826 appropinquat
499 728 734 815 monasterio,
760 725 804 799 ad
828 752 973 801 carnem
1001 726 1145 801 indutus

86 845 211 917 cilicio.
228 841 361 917 Audito
374 845 448 944 ejus
459 843 632 934 adventu,
651 846 795 918 venitur
808 846 840 917 ei
857 843 1000 919 obviarn
1017 847 1144 945 procul

86 962 119 1032 iu
143 959 262 1046 bivio,
278 977 314 1033 et
331 960 432 1034 valde
454 961 712 1036 contradicenti
730 963 853 1036 festiva
875 960 916 1035 fit
937 991 955 1035 a
975 963 1146 1036 smtribns

83 1079 273 1175 processio.
293 1077 346 1150 lbi
361 1094 445 1151 tunc
459 1077 566 1152 offert
577 1077 835 1177 phylacterium
854 1083 952 1154 omni
965 1106 1053 1153 auro
1069 1106 1149 1178 pre·

82 1194 228 1283 ciosius,
247 1221 329 1268 cum
345 1196 514 1269 calicibus
526 1197 640 1269 aureis
652 1214 688 1269 et
702 1201 899 1297 argenteis,
915 1214 951 1270 ct
964 1198 1040 1270 aliis
1056 1198 1148 1269 mut-

84 1312 126 1382 tis
149 1313 373 1385 ornamentis
398 1312 636 1401 multimodis,
657 1317 817 1415 laetaque
843 1315 1016 1414 petitione
1037 1340 1148 1387 mun-

80 1427 166 1501 ‹lum
183 1455 267 1502 cnm
287 1430 536 1504 snisomnibus
554 1432 701 1531 reliquit
721 1432 862 1531 pompis
874 1449 910 1504 et
928 1432 1126 1505 lenociniis.

120 1548 236 1647 Igitur
246 1548 395 1621 annoab
408 1550 651 1623 incarnatione
662 1551 806 1624 Domini
821 1566 916 1623 nccc⁰
924 1560 993 1637 v1⁰,
1004 1552 1145 1648 imperii

81 1665 198 1738 Caroli
209 1667 341 1766 quinto
352 1669 425 1766 (t),
441 1670 477 1740 in
490 1669 606 1740 natale
616 1669 859 1767 apostolorum
876 1670 971 1742 Petri
985 1685 1022 1741 et
1032 1669 1145 1755 Pauli,

81 1783 295 1856 Guillelmus
312 1810 430 1858 comes
446 1785 640 1859 monachus
655 1785 766 1858 sactus
782 1801 851 1874 est,
870 1785 1061 1886 subitoque
1079 1786 1148 1855 im-

81 1915 238 1972 mutatus
265 1901 302 1971 in
325 1898 468 1974 Christo
485 1902 567 1974 Jesu
584 1918 621 1974 et
636 1901 804 1974 alteratus
823 1918 888 1974 est.
906 1902 1032 1975 Factus
1050 1901 1144 1973 enim

79 2015 301 2116 monachus,
314 2014 522 2107 docebatur,
537 2044 603 2093 nec
615 2017 917 2108 confundebatur,
932 2015 1149 2115 corripieba-

82 2150 154 2222 tur,
177 2134 239 2208 sed
260 2161 335 2208 non
357 2135 587 2210 irascebatur.
605 2134 791 2209 Interdum
817 2163 926 2209 caesus
949 2153 985 2208 et
1010 2135 1148 2235 injuriis

84 2250 197 2337 laesus,
211 2277 289 2326 non
305 2252 501 2342 resistebat,
517 2279 633 2354 neque
648 2253 948 2328 comminabatur.
966 2250 1151 2325 Gaudebat

84 2368 121 2439 in
146 2367 387 2470 subjectione,
413 2387 449 2443 et
472 2369 716 2444 delectabatur
741 2371 778 2443 in
800 2371 900 2442 omni
927 2368 1144 2471 abjectione,

82 2500 226 2580 paratus
237 2489 374 2561 cunctis
386 2488 534 2575 servire,
549 2486 696 2588 obsequi
711 2504 747 2560 et
759 2482 919 2561 obedire.
935 2484 1150 2561 Proficiebat

81 2603 243 2698 qnotidie
266 2604 303 2675 in
327 2605 428 2678 omni
450 2606 636 2678 sanctitate
657 2622 693 2678 et
718 2606 911 2706 religione,
931 2607 1021 2678 etin
1048 2605 1147 2677 omni

81 2735 213 2793 sanctoe
230 2722 364 2820 regulae
389 2719 657 2812 observatione,
682 2723 773 2795 sicut
798 2749 924 2794 aurum
946 2723 982 2793 in
1007 2720 1148 2793 camino

80 2835 240 2908 mirabili
257 2840 432 2912 coctione.
452 2839 730 2928 Monasterium,
746 2839 844 2939 quod
857 2855 940 2912 ante
956 2835 1150 2911 monacha-

81 2969 160 3024 tum
189 2978 231 3027 ex
259 2971 336 3030 toto
362 2982 437 3029 non
464 2960 679 3057 perfecerat,
705 2957 954 3058 adjuvantibus
977 2949 1059 3029 liliis
1079 2955 1149 3027 suis

79 3069 267 3147 Bernardo
285 3090 321 3146 et
332 3074 526 3150 Guillelmo
543 3079 596 3174 (α)
610 3078 716 3176 (quos
733 3074 959 3150 comitatibus
972 3075 1042 3147 suis
1059 3100 1149 3171 proe-

77 3188 252 3282 fecerat),
281 3191 542 3294 comitibusque
565 3194 712 3285 vicinis,
735 3195 884 3293 perfecit
908 3209 948 3264 ut
972 3207 1145 3290 coeperat.

79 3306 272 3381 Difficilem
286 3311 380 3382 siam
398 3309 525 3410 adjam
537 3308 674 3384 dictum
696 3311 952 3385 monasterium
966 3336 1033 3409 pro
1046 3331 1148 3406 aspe-

79 3425 188 3499 ritate
203 3428 387 3500 montium
398 3427 551 3518 direxit,
571 3456 698 3528 rupem
717 3457 799 3503 cum
816 3428 953 3501 malleis
968 3443 1004 3499 et
1018 3427 1148 3498 securi·

117 3728 128 3797 l
133 3731 156 3799 ι)
166 3730 241 3784 Lisez
253 3755 259 3783 :
275 3730 369 3785 Sexto.

116 3819 156 3889 (π)
176 3820 251 3875 lisca
273 3845 279 3874 ε
305 3822 457 3875 Gaucelino
478 3840 514 3876 ou
539 3823 690 3877 Gotcelino.
712 3824 799 3878 Notre
818 3831 927 3884 auteur,
943 3817 1071 3873 d’accord
1085 3834 1148 3871 avec

77 3926 131 3961 son
143 3906 300 3977 devancier,
316 3928 387 3965 nous
400 3914 559 3984 represente
570 3913 606 3966 ici
619 3910 644 3966 le
656 3913 738 3985 pie'ur
759 3912 887 3967 cenobite
903 3909 1045 3982 disposant
1064 3911 1079 3961 a
1098 3923 1147 3960 son

78 3998 132 4067 gre
143 3995 178 4050 de
191 4015 234 4052 scs
242 4001 348 4054 comtes
359 4017 467 4054 comme
475 4000 517 4054 s'il
525 4000 575 4055 etit
584 4004 652 4056 recu
664 4000 800 4074 plusieurs
812 4000 987 4074 generations
1000 3997 1062 4070 plus
1074 3994 1146 4050 tard.

79 4083 104 4137 ll
119 4095 161 4138 est
176 4085 241 4141 bien
255 4089 311 4141 urai
332 4107 387 4162 que
403 4089 525 4143 bernard
540 4109 554 4143 a
570 4090 684 4162 possed&
704 4091 729 4143 le
749 4089 840 4144 ducbe
854 4088 889 4144 de
902 4087 1086 4161 septimunic.
1108 4083 1146 4138 les

76 4177 187 4229 comtes
197 4174 232 4230 de
245 4174 386 4230 Toulouse
400 4187 427 4231 et
441 4176 476 4231 de
489 4177 672 4244 &melonum
687 4181 754 4234 mais
769 4198 799 4234 ce
813 4178 902 4234 uelut
915 4176 997 4250 qu’en
1013 4174 1065 4248 817
1078 4191 1147 4246 pour

78 4260 108 4315 le
120 4265 251 4333 premier,
266 4275 294 4318 et
306 4283 340 4319 en
354 4263 405 4319 820
419 4283 490 4338 pour
504 4264 529 4320 le
542 4265 662 4321 dernier.
