3046 5244
98 474 309 552 [rost-1088]
466 474 581 533 lauert
604 475 790 533 OCTAVUS.
1101 482 1155 540 271

97 608 212 705 Scrop
228 603 320 677 lilius
337 606 353 702 (
363 631 369 674 ι
380 605 416 698 ),
435 620 470 674 ct
483 603 685 675 Bernardus
697 604 741 677 de
756 605 859 677 Novo
878 606 1038 678 lllercato
1051 633 1163 706 gener

97 727 168 823 ejus
181 728 247 813 tal,
263 723 395 821 aliique
407 723 597 820 complices
609 747 748 809 eorum,
765 725 825 823 qui
842 724 928 795 lines
943 725 1160 798 lllerciorum

97 839 343 939 possidebant,
369 841 404 910 in
425 839 608 911 territorio
631 838 862 938 wigornensi
882 842 1016 938 rapinis
1034 858 1070 913 et
1089 868 1162 913 cae-

96 957 217 1042 (libus,
242 955 456 1053 prohibente
474 973 509 1028 et
526 956 846 1029 anathematizante
863 958 943 1029 uiro
963 959 1025 1029 Dei
1043 958 1162 1030 Wull-

97 1090 195 1145 stano
222 1074 390 1169 episcopo
416 1075 488 1169 (ὃ),
519 1076 684 1173 nequiter
716 1073 939 1144 insistebant.
973 1076 1048 1147 Rex
1075 1100 1162 1146 rero

96 1191 325 1269 Guillermus,
341 1206 379 1261 nt
393 1189 481 1261 vidit
495 1217 575 1263 suos
590 1191 625 1262 in
645 1208 738 1263 terra
753 1217 812 1262 sua
828 1208 954 1263 contra
968 1218 1003 1263 se
1012 1194 1159 1290 pessima

97 1310 270 1405 cogitare,
286 1323 334 1395 et,
352 1332 417 1404 per
431 1308 568 1406 singula
585 1306 892 1379 crebrescentibus
908 1308 1021 1394 malis,
1038 1307 1081 1378 ad
1094 1333 1157 1405 pe·

93 1430 167 1522 jora
184 1423 394 1524 procedere,
415 1451 489 1496 non
509 1424 698 1496 meditatus
712 1441 765 1497 est
777 1440 818 1495 ut
836 1424 958 1495 timida
978 1425 1101 1522 vulpes
1116 1423 1159 1495 ad

98 1543 299 1615 tenebrosas
318 1567 484 1614 cavernas
503 1544 642 1640 lugere,
662 1540 721 1613 sed
741 1558 780 1612 ut
797 1543 853 1614 leo
867 1542 970 1613 sortis
988 1557 1024 1612 et
1047 1539 1158 1613 audax

98 1657 285 1730 rebellium
304 1673 452 1731 conatus
473 1656 685 1729 terribiliter
706 1657 958 1754 comprimere.
981 1658 1161 1728 Larilran-

97 1799 173 1845 cum
194 1775 311 1872 itaque
329 1771 635 1871 archiepiscopum
653 1799 734 1845 cum
752 1773 983 1871 sulliaganeis
1001 1773 1161 1870 praesuli·

96 1891 176 1977 bus,
202 1907 238 1962 et
259 1892 423 1977 comites,
446 1889 653 1990 Anglosque
673 1891 852 1963 naturales
871 1891 1101 1977 convocavit,
1124 1906 1161 1962 et

97 2024 239 2081 conatus
254 2007 560 2095 adversariorum,
580 2035 620 2080 ac
636 2009 729 2081 velle
742 2035 843 2080 suum
859 2006 1085 2106 expugnandi
1101 2032 1160 2078 eos

98 2125 276 2198 indicavit.
298 2125 345 2196 At
363 2127 414 2198 illi
437 2152 576 2224 regem,
595 2141 636 2197 ut
654 2124 926 2224 perturbatores
942 2127 1037 2223 pacis
1055 2150 1159 2196 com-

97 2245 284 2338 primeret,
309 2242 488 2315 adhortati
515 2258 616 2328 sunt,
645 2268 789 2342 seseque
809 2242 1095 2340 promptissimos
1116 2242 1158 2311 ad

96 2360 331 2458 adjutandum
361 2361 513 2459 polliciti
539 2379 633 2432 sunt.
666 2361 869 2460 Anglornm
899 2385 985 2432 vero
1012 2360 1158 2459 triginta

96 2478 203 2549 millia
232 2494 318 2551 tunc
340 2478 382 2550 ad
407 2481 591 2550 servitium
621 2482 714 2578 regis
740 2497 867 2578 sponte
891 2506 949 2550 sna
976 2503 1158 2551 convene-

98 2612 178 2668 runt
205 2598 281 2691 (li),
311 2622 522 2695 regemque,
554 2613 594 2669 ut
617 2595 771 2695 perlidos
797 2595 1001 2694 proditores
1027 2594 1159 2694 absque

98 2729 255 2809 respectu
279 2714 443 2810 pararet,
473 2712 757 2803 admonuerunt,
786 2711 970 2784 dicentes:
995 2711 1163 2783 Viriliter

98 2856 163 2926 ege
170 2863 185 2913 ;
203 2846 241 2899 ut
255 2834 349 2927 regis
350 2829 470 2926 filins,
487 2848 520 2900 et
531 2830 689 2929 legitime
701 2830 755 2903 ad
767 2857 916 2929 regnunt
930 2847 1157 2929 assumptus,

101 2971 239 3017 securius
254 2949 292 3016 in
308 2946 374 3018 boc
387 2973 497 3045 regno
511 2947 703 3021 dominare
717 2948 895 3020 (iratribus.
913 2949 1044 3020 Nonne
1057 2947 1160 3019 vides

98 3080 177 3157 qno!
197 3079 311 3133 reram
328 3091 471 3152 sumus,
497 3064 632 3162 tibique
643 3082 836 3164 gratanter
847 3063 1048 3165 parennis?
1067 3068 1162 3136 Pas-

98 3183 159 3247 sim
177 3205 248 3274 per
263 3195 375 3250 torem
393 3181 585 3251 Allrionern
612 3187 770 3283 impera,
797 3207 994 3279 omnesque
1015 3180 1162 3251 rebelles·

98 3295 215 3394 dejice
228 3297 346 3393 regali
356 3301 521 3396 'justello
542 3300 559 3368 I
571 3301 662 3397 'sqire
675 3300 728 3369 ad
742 3317 892 3369 mortem
904 3326 971 3396 pro
990 3316 1022 3367 te
1040 3314 1161 3368 cerro-

128 3544 137 3605 (
144 3544 166 3608 a)
180 3543 219 3595 Cr
232 3559 403 3611 personnage
417 3542 504 3611 figure
518 3541 586 3594 dans
599 3541 623 3593 lo
639 3539 801 3611 Ilomesday·
816 3539 892 3593 Book
905 3558 1013 3593 comare
1024 3550 1120 3593 tenant
1132 3544 1160 3592 irr

99 3633 184 3695 rapite
196 3629 264 3682 dans
278 3629 303 3682 lc
315 3631 343 3679 ll
354 3633 564 3689 orcesterslnrc,
581 3650 644 3682 arec
658 3640 729 3682 cette
743 3639 807 3682 note
822 3654 826 3679 :
844 3630 931 3681 Pater
944 3630 1002 3699 einr
1018 3632 1123 3681 terruit.

133 3724 165 3785 ²1,
185 3721 361 3774 (jonrcrnant
381 3723 501 3776 lteruard
522 3722 559 3773 dn
579 3720 794 3778 Neai-llarclrc,
813 3738 893 3790 vorce
911 3720 1063 3784 ci·dcssus,
1084 3719 1101 3771 l.
1120 3736 1159 3777 rt,

101 3824 114 3874 i·
147 3807 173 3869 15

140 3895 156 3947 Γ»
179 3899 254 3951 Salat
271 3900 298 3946 ll
311 3902 412 3961 ntaan.
428 3903 531 3974 inique
545 3901 579 3953 dc
595 3901 753 3952 tt'orctsrer
767 3896 899 3971 (acrba-19
910 3900 1018 3969 jaarier
1035 3899 1124 3969 ¹⁰!t5l

144 3990 169 4049 l*
190 3987 265 4040 bons
283 3991 428 4060 rraignons
443 3993 509 4062 qu'il
531 3992 574 4061 n'y
592 3991 627 4042 ait
649 3988 683 4040 dc
703 3987 895 4058 l'csageration
915 3988 982 4042 dans
1000 4009 1030 4039 ci·
1049 3986 1160 4040 rliill'rr.

100 4076 142 4142 qni
158 4094 192 4126 ne
210 4095 280 4127 nrins
296 4080 382 4147 parait
399 4099 445 4150 pas
460 4098 493 4132 cn
510 4091 624 4152 rapport
638 4097 699 4131 arec
716 4076 740 4130 la
755 4077 941 4150 qualilication
955 4078 989 4130 ‹le
1003 4076 1160 4129 mediocris.

101 4179 149 4231 qni·
162 4163 254 4218 ‹lonnr
270 4167 381 4220 Floreat
399 4170 433 4221 (le
455 4171 613 4223 tter-cester
630 4172 644 4221 t
662 4169 773 4221 larmir
792 4168 954 4221 rassernblee
973 4187 1022 4239 par
1039 4165 1063 4235 le
1080 4168 1163 4235 jrrrnc

103 4269 256 4325 tironesque.
1086 4296 1103 4329 ο
