3046 5244
230 457 271 515 ⁵2
501 454 683 516 HISTOttii
706 447 1007 511 ECCLEStASTics.
1121 450 1291 530 [tw-560]

278 615 297 654 u
316 583 385 657 sed
398 610 479 656 cum
492 602 694 683 opportuna
711 609 788 681 spes
810 581 1046 681 propagandae
1066 581 1200 654 sobolis
1219 582 1290 654 ba-

227 701 373 776 beretur
390 707 427 773 in
444 700 552 773 doruo
569 703 696 800 patris,
716 699 841 773 crebra
866 716 902 771 et
921 699 1064 773 honesta
1086 701 1288 774 amicornm

226 817 428 916 compulsus
447 819 690 915 persuasione,
709 815 924 916 condignam
942 815 1117 889 natalibus
1135 843 1286 890 uxorem

227 936 379 1007 instituit
401 933 543 1007 ducere.
567 935 684 1028 Quam
700 936 813 1033 gratia
841 935 1055 1032 posteritatis
1073 936 1286 1032 suscipiens,

227 1079 300 1125 non
318 1053 435 1125 curnis
448 1052 629 1150 voluptate
647 1056 717 1147 (ri,
737 1050 870 1141 (divina
885 1067 1061 1149 praecepta
1080 1053 1290 1152 exequendo

225 1168 370 1256 devote,
391 1170 513 1244 solerti
537 1170 658 1241 uadem
677 1167 806 1241 crebro
826 1169 966 1265 secum)
987 1167 1154 1240 volvebat
1172 1167 1290 1240 medi·

226 1285 360 1355 tatione
372 1285 440 1380 (a).
458 1281 657 1354 Fruebatur
671 1284 788 1384 itaque
804 1283 861 1354 vir
877 1283 954 1355 Deo
967 1282 1094 1380 plenus
1112 1298 1291 1380 tempora·

227 1400 337 1487 libus,
360 1416 460 1471 cauta
475 1400 691 1498 cogitatione
710 1398 901 1498 providens
922 1424 967 1471 ne
982 1397 1186 1497 displiceret
1204 1425 1288 1471 con·

225 1514 334 1588 ditori
357 1516 393 1586 in
417 1516 568 1613 acceptis
593 1514 712 1587 rebus.
737 1515 900 1615 Cumque
924 1514 1158 1612 locupletatus
1181 1515 1288 1587 nimis

225 1631 346 1718 fieret,
363 1632 443 1730 pius
466 1630 640 1730 gaudebat
657 1631 754 1704 bono
770 1656 879 1729 opere
904 1655 1011 1730 quam
1033 1628 1128 1703 bona
1148 1655 1288 1728 posses-

224 1748 337 1821 sione.
362 1746 566 1820 Priscorum
588 1763 730 1844 patrum
749 1762 865 1845 gesta,
883 1772 964 1846 quae
982 1770 1048 1843 per
1070 1745 1203 1818 multos
1220 1771 1288 1818 oo·

225 1864 320 1936 dices
346 1864 500 1962 legerat,
531 1864 684 1962 qualiter
714 1866 749 1935 in
783 1888 855 1935 sese
886 1864 1115 1947 transferret,
1145 1887 1287 1935 summo

224 1978 342 2052 studio
364 1979 581 2052 elaborabat.
603 1982 768 2051 insistens
791 1995 908 2051 autem
931 1979 1180 2076 eleemosynis,
1201 2005 1288 2052 ora-

227 2096 386 2169 tionibus
412 2113 517 2196 angue
541 2097 693 2196 vigiliis,
722 2101 909 2195 conjugem
935 2123 1043 2195 quam
1070 2096 1222 2168 duxerat
1243 2093 1288 2167 ad

228 2213 321 2287 idem
343 2215 538 2286 sanctitatis
564 2240 654 2311 opus
675 2212 864 2300 evocabat,
883 2213 1050 2312 quatinus
1077 2237 1141 2310 per
1167 2213 1287 2283 virum

226 2330 385 2418 lidelem,
401 2332 464 2404 etsi
480 2330 610 2418 iidelis,
626 2347 842 2405 accresceret
853 2328 997 2403 devotio
1012 2331 1185 2403 mulieris.
1206 2330 1288 2402 Sic·

224 2474 294 2546 que
310 2448 441 2545 degens
456 2446 572 2519 adhuc
588 2446 654 2519 sub
672 2448 784 2520 laioeii
803 2446 927 2519 babitu
942 2448 1051 2518 vitam
1068 2448 1284 2534 instituerat,

226 2581 266 2638 ut
289 2563 380 2638 nihii
402 2563 447 2635 ab
466 2563 520 2634 his
543 2562 743 2662 discrepare
764 2563 957 2654 videretur,
983 2591 1072 2665 quos
1094 2567 1286 2664 imperium

225 2680 389 2778 regulare
404 2677 603 2752 coercebat.
625 2710 643 2746 n

274 2827 291 2862 n
307 2794 398 2867 Cum
415 2819 503 2893 ergo
526 2792 745 2867 beatissimus
772 2798 828 2867 vir
850 2796 1001 2896 quadam
1030 2799 1176 2897 propria
1208 2796 1288 2895 lege

224 2909 473 3006 (laudabiliter
505 2912 660 3000 viveret,
692 2916 751 3009 et)
784 2913 980 2987 Dominicis
1015 2915 1201 3012 praeceptis
1223 2939 1287 2984 ar-

224 3027 352 3103 denter
367 3030 574 3113 inserviret,
591 3031 760 3129 (contigit
775 3033 829 3128 (3)
849 3049 888 3104 ut
905 3032 1098 3104 Dominum
1119 3033 1154 3102 in
1173 3033 1287 3102 Evan-

224 3146 318 3243 gelio
330 3149 399 3219 suis
411 3149 678 3246 praecipientem
694 3144 849 3247 audiret)
866 3179 874 3219 τ
896 3154 969 3248 Qui
985 3150 1060 3222 nisit
1073 3153 1196 3221 uenire
1205 3163 1288 3248 suist

225 3289 301 3353 me,
325 3263 479 3363 abneget
495 3266 745 3363 semetipsum,
769 3283 802 3336 et
819 3266 921 3338 tollat
942 3293 1080 3340 cntcetn
1102 3292 1228 3353 sitnm,
1253 3283 1289 3335 et

258 3627 298 3696 (ι)
310 3624 390 3681 Illud
399 3628 578 3696 apostolicum
591 3626 782 3699 exsequenda,
794 3629 896 3682 solerti.
912 3628 993 3697 (iius.
1010 3627 1086 3681 broc.
1101 3637 1130 3680 et
1140 3625 1260 3693 (lomb.)

259 3728 299 3797 (a)
315 3726 437 3795 Tempus
449 3725 529 3779 breve
545 3737 602 3786 esu
619 3728 754 3800 salignam
766 3738 809 3781 est
821 3739 851 3781 ut
861 3749 908 3801 qut
920 3728 1024 3781 babent
1036 3746 1139 3781 uxores
1150 3736 1287 3797 mquam

226 3837 282 3873 nott
295 3816 429 3870 habentes
442 3820 506 3869 sint.
522 3818 551 3883 (ι
567 3817 633 3872 Cor.
648 3835 701 3881 vit,
721 3836 752 3891 ¹9
763 3824 782 3884 ).
797 3817 927 3891 illudque
940 3838 995 3872 nain
1009 3819 1141 3871 oblivioni
1158 3814 1286 3869 tradide-

227 3917 286 3973 rat,
304 3904 381 3979 quod
392 3916 456 3977 poti
472 3925 562 3976 pauca
580 3907 765 3980 subinfertur.
787 3919 814 3962 et
826 3929 873 3981 qut
887 3920 1003 3963 utuntur
1022 3909 1073 3962 linc
1087 3906 1206 3974 mundo,
1221 3915 1286 3958 lan·

226 4019 310 4073 qm
324 4017 379 4053 non
391 4007 517 4055 utantur.
528 4002 654 4068 praeterit
666 4002 738 4052 enlm
749 4002 844 4072 figura
857 4000 940 4071 buius
953 3999 1058 4054 muntii.
1072 4006 1081 4065 l
1091 3997 1176 4067 ibid.)

261 4099 300 4172 (3)
314 4102 412 4158 Divino
425 4111 494 4153 nutas
511 4103 667 4169 contigitis!
679 4100 752 4153 iliud
763 4102 859 4154 audrie
874 4112 1037 4165 mereretur,
1051 4099 1128 4172 ignaui
1151 4098 1287 4153 omum

227 4212 255 4246 tn
270 4193 425 4266 b’mgelw
438 4196 494 4246 suis
508 4190 651 4260 dsscspsslt's
665 4192 795 4262 loquetur.
807 4191 908 4262 (ibid.)
