3046 5244
98 473 203 550 [1093]
467 470 581 530 ttBEtt
601 471 788 532 OCTAVUS.
1094 480 1152 539 387

98 604 229 674 marito
250 601 381 675 Gallias
400 619 645 701 expetentem,
671 628 750 675 eum
768 603 897 703 gaudio
914 607 1065 705 suscepit
1085 611 1100 705 (
1126 613 1154 706 ).

100 725 215 792 Porro
234 745 443 818 generosam
460 736 495 791 et
513 720 716 819 religiosam
733 723 923 821 conjugem
940 748 1052 812 suam,
1068 726 1159 798 Ber-

102 854 187 924 tam,
204 839 336 911 nobilis
349 838 520 911 Florentii
535 838 633 910 ducis
645 840 853 913 Fresionum
869 840 978 913 liliam
993 846 1062 940 (a),
1078 871 1159 944 quae

102 953 321 1026 Lndovicum
332 957 386 1050 (3)
401 971 437 1026 et
449 956 694 1028 Constantiam
706 957 807 1028 enixa
817 956 931 1029 suerat
944 960 991 1048 ei,
1006 959 1158 1049 ‹limisit;

101 1088 136 1143 et
157 1069 386 1157 Bcrtraulam,
405 1097 485 1169 quae
510 1073 583 1143 sere
610 1089 765 1171 quatuor
781 1075 883 1145 annis·
901 1101 982 1146 cnm
1005 1076 1162 1150 fulcone

103 1185 346 1283 Atrdcgarensi
362 1185 544 1257 demorata
559 1189 673 1258 luerat
688 1189 762 1283 (4),
777 1186 842 1260 sibi
859 1190 1050 1285 copulavit.
1068 1189 1159 1278 0d0,

102 1301 1163 1402 Bajocensisepiscopus,laaucexccraudamdesponsationem

102 1421 201 1503 lecit,
221 1419 369 1518 ideoque
384 1418 482 1493 dono
500 1420 632 1493 moeclri
648 1422 741 1518 regis
755 1447 822 1519 pm
834 1425 1164 1521 recompensatione

106 1538 242 1607 infausti
261 1537 465 1624 famulatus,
490 1538 651 1610 ecclesias
670 1536 826 1610 llladanti
851 1539 973 1638 oppidi
995 1541 1164 1640 aliquan-

102 1648 162 1721 diu
193 1651 316 1721 liabuit
343 1653 413 1749 (5).
445 1652 572 1723 Nullus
600 1653 695 1724 enim
723 1654 945 1725 Francorum
969 1656 1162 1753 praesulum

103 1767 336 1839 execrabilem
364 1771 668 1842 consecrationem
694 1768 929 1868 dignatusest
950 1772 1084 1857 lacere3
1104 1770 1163 1843 sed

106 1883 139 1953 in
159 1885 279 1981 rigore
291 1901 421 1955 stantes
438 1885 679 1957 ecclesiasticae
701 1884 941 1974 rectitudinis,
962 1888 1036 1959 Deo
1053 1889 1164 1986 magis

103 2027 209 2098 quarn
236 2001 370 2073 homini
396 2002 610 2075 studuerunt
634 2003 795 2101 plaeere,
819 2021 856 2076 et
877 2030 1000 2076 omnes
1021 2020 1164 2103 turpem

103 2117 266 2216 copulam
292 2121 509 2191 unianimiter
527 2118 688 2192 detestati
714 2136 798 2193 sunt
821 2121 898 2218 pari
924 2120 1161 2193 anathemate.

104 2325 396 2335 ——--—-.---
406 2328 461 2335 —

138 2456 178 2525 (a)
202 2454 330 2508 llertrade
353 2457 433 2508 sortit
454 2454 489 2507 de
508 2454 612 2526 l'eglise
629 2454 798 2510 Sciat-leun
821 2454 856 2509 de
877 2455 969 2508 Tours
992 2452 1115 2526 pendant
1139 2453 1164 2507 la

103 2545 258 2598 ceremonie
271 2544 305 2597 de
319 2545 341 2596 la
355 2544 531 2598 bencdiction
546 2543 595 2598 des
608 2544 696 2610 sonts,
712 2543 737 2597 le
750 2544 852 2598 sameui
868 2544 957 2614 ljuin
974 2541 1056 2616 1093,
1071 2554 1100 2597 et
1113 2542 1165 2598 alla

104 2633 243 2703 rejoindm
257 2632 282 2687 lc
295 2635 351 2698 roi,
366 2635 413 2706 qui
429 2633 582 2688 l'attendait
595 2638 610 2688 'a
623 2634 725 2707 pende
738 2633 869 2688 distance.

137 2722 175 2790 (a)
194 2721 289 2786 Berte,
306 2720 359 2774 salle
371 2720 406 2774 de
419 2721 533 2776 Floreat
549 2723 592 2788 1«,
610 2732 701 2775 comte
714 2720 749 2775 de
761 2720 912 2787 Hollande,
927 2731 957 2775 et
974 2719 1009 2774 de
1022 2721 1164 2776 Gertrude

102 2809 137 2862 ile
151 2810 232 2873 Saue,
248 2810 290 2863 lut
305 2811 406 2863 murice
419 2813 433 2863 'a
447 2811 576 2884 Plrilippe
587 2812 621 2865 1⁰
632 2829 693 2865 vers
711 2826 785 2885 rapa.

136 2898 173 2967 (5)
189 2900 410 2953 louis-le-Grus.

136 2992 174 3057 (l)
189 2990 229 3042 En
247 2992 321 3061 1084).

137 3077 176 3146 (5)
194 3080 240 3133 On
260 3099 295 3133 ue
314 3082 365 3132 sait
385 3097 432 3151 pas
452 3077 534 3132 d'une
553 3080 676 3133 muniere
692 3081 797 3151 precise
815 3097 865 3151 par
881 3080 929 3151 qui
950 3079 992 3132 lut
1010 3077 1118 3133 celebre
1134 3096 1165 3131 ce

101 3169 230 3237 mariage.
250 3170 362 3222 suivant
378 3168 539 3222 (luillaumc
552 3167 587 3219 de
601 3167 798 3239 ¹llalnaeslunp',
820 3168 934 3239 c'aurait
953 3171 997 3219 uu?
1015 3186 1063 3238 par
1080 3166 1165 3221 Guil-

103 3254 192 3307 laume
205 3256 297 3309 llonm
312 3260 394 3318 Amo,
411 3255 580 3327 arclrereque
592 3254 627 3307 de
640 3254 753 3319 Rouen,
766 3264 794 3307 et
807 3266 877 3308 cette
890 3255 1076 3308 circonstaucc
1089 3255 1165 3308 lour-

102 3344 185 3396 uirait
208 3342 391 3415 l'explication
416 3343 450 3396 de
472 3343 496 3395 la
519 3344 679 3413 suspensior]
702 3347 718 3395 a
742 3342 858 3415 laquelle
882 3343 900 3395 il
923 3344 965 3395 lut
990 3343 1093 3396 coituris
1116 3359 1165 3414 par

102 3433 194 3486 Pascal
217 3435 252 3486 ll.
275 3438 354 3489 (lette
375 3434 495 3488 solution
517 3434 599 3487 serait
620 3432 812 3505 parlaiternent
832 3432 1011 3486 satistaisanu
1028 3450 1062 3486 cn
1085 3430 1162 3495 effer,

103 3526 164 3576 mus
174 3526 198 3576 u·
210 3524 273 3593 long
288 3525 428 3578 interuallo
440 3526 487 3596 qni
500 3542 527 3575 ae
539 3525 621 3576 serait
632 3521 727 3576 eeoule
738 3533 816 3574 entre
826 3522 850 3575 la
863 3522 936 3575 larue
946 3532 974 3575 et
984 3521 1007 3575 la
1018 3523 1161 3594 punition,

102 3624 129 3663 ct
143 3615 190 3684 qui
206 3614 321 3666 nasu-ait
336 3618 380 3665 uti·
396 3613 548 3666 nulletnent
560 3611 628 3664 (lans
640 3611 679 3664 les
695 3610 842 3664 habitudes
858 3610 893 3663 do
909 3609 933 3663 la
947 3629 1016 3664 cour
1028 3611 1064 3664 ‹le
1077 3610 1164 3665 Rome

103 3706 117 3752 'a
129 3714 200 3763 cette
211 3722 327 3774 «uroque.
342 3708 384 3756 :lu
399 3714 483 3764 ueste.
498 3703 517 3755 il
529 3703 598 3756 u'est
610 3720 656 3772 pas
668 3701 731 3773 plus
741 3701 820 3754 facile
833 3700 867 3753 ‹le
879 3701 1044 3775 s'expliquer
1054 3701 1165 3755 l'indul·

107 3809 190 3855 gencu
203 3792 241 3843 ‹lu
256 3812 324 3864 pape
337 3812 431 3845 uiuere
445 3794 564 3865 tuoque
575 3791 609 3844 dc
620 3792 739 3861 Baseux,
755 3793 775 3843 si
790 3791 855 3844 c'est
867 3791 905 3844 lui
922 3794 967 3864 qui
980 3793 1048 3845 etait
1060 3792 1085 3845 le
1098 3810 1166 3845 cou-

107 3880 195 3948 palilv.
218 3882 285 3933 ltus
306 3881 411 3936 Urltain
435 3883 474 3943 ll,
498 3882 565 3935 daris
586 3900 641 3935 trare
658 3879 738 3935 lettre
756 3888 771 3933 'a
790 3881 920 3941 Reuaiul.
941 3882 1111 3952 arenosaque
1130 3880 1164 3933 dc

106 3969 214 4026 luins.
231 3973 333 4037 signali·
346 3993 376 4024 α·
390 3973 509 4041 naariagc
523 3991 629 4026 comme
643 3982 722 4026 aiant
735 3975 779 4025 c'le
791 3972 855 4026 beni
869 3992 917 4043 par
930 3972 1047 4035 Kasion,
1062 3972 1165 4042 cumane

105 4057 139 4109 de
157 4057 256 4111 Senlts.
277 4060 349 4112 {lans
367 4080 397 4113 ce
417 4080 474 4121 cas.
495 4079 531 4114 on
551 4063 675 4132 pourrait
695 4078 827 4133 supposer
847 4079 901 4133 quc
922 4060 1109 4130 inclusoque
1130 4057 1165 4112 de

106 4145 204 4200 Rouen
219 4159 244 4198 rt
260 4148 380 4220 lus-ique
390 4149 424 4201 «le
437 4152 542 4220 Bareux
552 4150 590 4205 lui
602 4153 726 4205 auraient
737 4149 888 4204 seulement
899 4150 992 4203 donne
1004 4148 1028 4201 la
1041 4151 1165 4202 sanction

105 4235 138 4286 ile
152 4238 213 4289 leur
227 4244 362 4308 ptest-uro.
