3046 5244
81 434 205 510 [tarint
219 452 295 494 suan
314 430 404 513 1098]
472 428 591 493 lunen
612 428 751 494 NONUS.
1089 432 1148 496 501

81 587 234 661 corpora
251 561 476 662 repellebant
490 560 720 665 corporibus.
741 560 870 637 'l'imor
885 576 1028 654 tamen,
1044 587 1154 664 super

82 680 219 751 Turcos
232 677 404 752 divinitus
420 679 586 779 illapsus,
604 703 665 753 eos
678 678 877 767 exterruit,
898 693 936 751 et
952 679 1155 753 comtuntia

83 794 301 870 invincibilis
326 796 405 869 illos
420 796 591 870 admirari
609 813 646 871 et
667 795 920 896 obstupescere
934 796 1038 885 lecit,
1064 796 1155 870 etin

80 914 201 1011 lugam
231 913 360 1012 coegit.
391 915 502 1014 Legio
533 914 646 1015 igitur
673 929 747 988 tota
772 915 888 1014 coepit
914 912 1055 1002 labare,
1087 936 1156 987 nec

82 1028 253 1115 buccina,
276 1056 342 1103 nec
368 1047 578 1130 tympanum
596 1031 670 1130 (ι),
696 1055 763 1105 nec
790 1031 918 1118 lituus,
944 1054 1012 1105 ncc
1033 1054 1157 1130 praeco

82 1161 225 1244 poterat
241 1171 301 1218 eos
318 1171 501 1221 revocare.
526 1147 734 1246 Fugitantes
750 1164 870 1220 autem
887 1147 998 1222 Torci
1014 1145 1059 1220 ad
1079 1162 1158 1221 ten-

83 1264 177 1335 toria
194 1261 486 1353 declinaverunt,
506 1263 568 1336 ubi
586 1264 720 1337 multos
736 1288 904 1354 suorum,
922 1288 1016 1364 quos
1034 1263 1083 1337 ibi
1101 1262 1159 1337 di·

83 1381 275 1470 miserant,
293 1382 577 1456 succenturiatos
594 1382 649 1479 (a)
664 1380 908 1471 aestimabant3
928 1383 990 1482 qui
999 1435 1011 1468 ,
1029 1396 1070 1456 ut
1084 1380 1159 1456 dic·

84 1514 161 1569 turn
196 1513 266 1582 est,
299 1497 372 1570 istis
411 1497 632 1572 certantibus
665 1499 748 1597 igne
789 1522 940 1574 accenso
973 1502 1155 1601 fugerant.

82 1615 246 1715 Denique
262 1613 455 1687 Christiani
474 1639 634 1715 paganos
647 1614 822 1689 atrociter
831 1613 1030 1690 occidendo
1045 1642 1160 1718 nsque

83 1731 126 1804 ad
135 1734 288 1805 Pontem
298 1731 707 1832 Ferreumsugaverunt,
719 1747 758 1805 et
766 1731 895 1831 passim
903 1730 1161 1809 obtruncando

85 1876 196 1950 usquc
223 1849 266 1921 ad
286 1848 461 1923 Tancredi
490 1848 675 1922 castellum
702 1848 881 1949 persecuti
906 1863 1002 1921 sunt.
1020 1848 1160 1925 Deinde

84 1964 127 2037 ad
157 1963 280 2038 luridas
301 1991 428 2039 eorum
454 1963 660 2052 redierunt,
679 1979 717 2037 ct
732 1961 910 2065 quidquid
928 1980 1007 2037 erat
1027 1990 1161 2039 eoncu-

84 2082 247 2180 piscibile
265 2082 508 2180 diripuerunt.
526 2081 635 2154 Gaaas
653 2079 900 2171 omnimodas,
915 2106 1000 2155 oves
1017 2080 1161 2183 lanige-

85 2225 161 2287 ras,
188 2203 348 2299 jumenta
377 2188 585 2287 innurltera,
613 2199 783 2272 alimenta
808 2198 971 2298 copiosa,
992 2212 1031 2274 et
1054 2224 1163 2300 quse·

84 2343 238 2416 cumque
267 2315 509 2415 indigentibus
533 2332 639 2391 erant
666 2316 880 2406 neccssaria,
911 2317 949 2391 in
975 2317 1161 2393 civitatem

82 2432 294 2506 detulerunt
308 2461 390 2507 curn
409 2434 632 2535 jocunditate
649 2460 794 2533 magna.
813 2434 895 2509 Mos
912 2435 1009 2509 enim
1034 2435 1160 2536 genti·

84 2552 174 2623 lium
191 2570 261 2640 est,
288 2553 325 2626 in
352 2553 491 2627 hostem
509 2553 671 2653 copiosas
694 2576 782 2653 opes
803 2552 963 2641 deferre,
987 2577 1099 2654 equos
1121 2568 1159 2627 et

84 2669 200 2741 asinos
218 2685 253 2741 et
270 2670 424 2744 camelos
436 2668 481 2743 ad
497 2667 769 2744 subvehendum
782 2668 991 2744 clitellarios
1003 2666 1156 2759 ducere,

83 2808 167 2855 oves
185 2800 220 2855 et
245 2784 353 2858 boves
371 2784 416 2858 ad
443 2783 704 2859 comedendum
731 2781 885 2874 habere,
912 2809 1095 2859 annonam
1120 2799 1159 2858 et

83 2901 253 3002 sar-inam,
273 2902 389 2976 sabam
406 2921 443 2976 et
462 2905 582 2977 oleum
592 2958 603 2993 ,
622 2902 820 3002 vinumque
837 2926 913 2975 non
930 2900 1157 3001 praetermit-

86 3034 174 3091 tere.
203 3020 396 3093 Christiani
422 3038 541 3094 autern
568 3021 622 3093 his
643 3018 812 3094 omnibus
829 3017 1056 3093 abundanter
1072 3026 1157 3094 cunr

84 3153 210 3233 optato
242 3136 427 3236 triumpho
452 3135 554 3209 ditati
579 3152 684 3224 sunt,
714 3151 750 3209 et
773 3134 963 3236 condignis
991 3134 1156 3211 laudibus

84 3252 200 3324 Deum
213 3252 489 3342 benedixerunt,
504 3276 659 3352 eumque
671 3253 723 3323 sui
740 3266 989 3350 protectorem
1001 3277 1158 3349 praesen·

86 3370 219 3442 tialitcr
244 3386 514 3470 cognoverunt,
535 3369 756 3469 hymnosque
772 3368 998 3468 gratulanter
1014 3368 1052 3441 in
1075 3394 1158 3443 ooe·

86 3487 160 3559 lnrn
174 3491 394 3564 extulerunt.

134 3606 210 3703 Syri
221 3606 446 3694 otdrmcnii,
459 3605 616 3705 regionis
627 3600 722 3677 illius
735 3603 878 3692 incolae,
891 3600 1156 3677 ridentosTur·

85 3748 145 3794 cos
174 3723 502 3823 irrecuperabiliter
530 3725 566 3796 in
594 3722 692 3795 bello
718 3721 851 3810 victos,
877 3736 1157 3796 montanearum

86 3857 192 3913 notos
205 3845 383 3915 anfractus
399 3841 631 3942 oppilabant,
650 3854 688 3913 et
707 3839 814 3913 calles
829 3855 999 3939 angustos
1011 3864 1158 3940 praeoc-

150 4125 360 4193 >Rumon

121 4126 144 4191 ῌ

122 4214 643 4288 (nugmmmnwwmnnmw.

163 4330 216 4379 nt
