3046 5244
226 514 328 591 [rost]
583 512 697 572 susm
718 513 918 573 seminus.
1226 514 1282 570 nr

273 645 358 715 Post
387 643 563 715 alternam
592 641 742 716 heroum
773 643 1070 729 collocutionem,
1109 658 1188 740 post
1218 640 1285 712 ‹le-

228 777 431 858 promptam
449 789 467 830 a
484 760 575 857 Papa
593 761 821 859 querelarum
837 761 1067 847 relationem,
1090 762 1198 831 iratus
1214 759 1285 831 dux

228 875 414 947 subintulit
435 873 673 974 hujuscemodi
689 878 1005 949 comminationem
1028 879 1213 948 :Romani
1229 878 1288 947 ei-

227 1021 281 1065 res
292 996 449 1093 pessimi
464 1011 547 1064 sunt
561 1010 593 1064 et
607 994 729 1091 infidi,
747 995 899 1093 Deuque
915 1013 947 1065 et
966 995 1111 1066 Sanctis
1130 999 1206 1094 ejus
1220 1021 1291 1092 pro

229 1111 551 1181 innumerabilibus
568 1111 745 1210 beneficiis
769 1111 841 1181 sibi
861 1112 1005 1184 collatis
1030 1129 1113 1182 sunt
1134 1129 1169 1183 et
1187 1126 1292 1183 erunt

228 1255 368 1326 semper
384 1231 533 1325 ingrati.
559 1230 693 1315 Rorna,
718 1255 801 1324 qua?
827 1230 957 1298 mundi
977 1245 1088 1325 captu
1108 1245 1140 1299 et
1156 1254 1293 1327 pecca-

228 1362 344 1415 torum
368 1345 549 1417 medicina
566 1349 651 1417 olim
675 1347 777 1419 dieta
795 1363 864 1434 est,
886 1372 983 1417 nune
1005 1345 1184 1417 liabitatio
1201 1346 1292 1415 dra-

228 1488 359 1532 conum
377 1478 409 1531 et
424 1467 531 1533 totius
551 1464 722 1560 nequitia
730 1460 971 1560 Joueaj'aeta
995 1479 1063 1534 est.
1091 1464 1203 1534 llaae
1218 1463 1295 1555 igi-

230 1595 289 1648 tur
303 1578 516 1677 speluncam
535 1579 716 1650 latronum
720 1578 831 1677 ferro
847 1606 911 1649 seu
917 1579 1081 1676 stamma
1094 1579 1293 1667 destruam,

232 1694 397 1767 rordidos
412 1694 641 1792 neyariosque
659 1696 880 1767 habitatores
895 1698 975 1793 ejus
988 1699 1178 1792 perimam.
1203 1700 1296 1768 Per-

230 1821 442 1883 secutionem
472 1815 507 1881 in
541 1815 764 1911 episcopum,
795 1840 907 1908 quam
933 1814 960 1883 J
963 1815 1066 1884 udrei
1091 1831 1294 1910 coeperunt,

235 1930 394 1999 Romani
409 1935 646 2029 pertinaciter
654 1931 826 2030 perficere
844 1934 967 2001 eonati
982 1948 1079 2001 sunt.
1096 1931 1228 2002 Nonne
1248 1939 1298 2002 si-

233 2048 424 2117 cutJudrei
433 2046 614 2117 (bristum
624 2048 896 2147 crucifixerunt,
909 2052 962 2119 sic
970 2050 1130 2118 Romani
1136 2047 1297 2119 membra

236 2161 394 2232 Christi:
412 2163 558 2232 Petrum
578 2179 611 2231 et
632 2164 809 2249 Paulum,
830 2162 1175 2253 martyrizaverunt?
1197 2161 1300 2260 Quid

233 2278 353 2350 dicam
381 2278 428 2348 de
452 2279 541 2349 lino
569 2295 603 2349 et
632 2279 751 2365 (lietu,
787 2281 968 2350 Clemente
998 2299 1031 2349 et
1058 2278 1296 2364 Alexandro,

234 2397 348 2467 Sexto
377 2415 409 2466 et
436 2395 672 2495 Telesphoro,
702 2398 849 2471 Calleto
875 2413 908 2467 et
936 2395 1101 2483 Urbano,
1130 2395 1299 2466 Cornelio

234 2530 264 2583 et
286 2513 460 2584 Fabiano
468 2513 489 2583 ?
520 2514 649 2584 Omnes
675 2513 712 2583 lii
728 2514 931 2612 pontificali
949 2540 1037 2584 cura
1064 2511 1200 2584 mederi
1215 2511 1299 2584 laa-

232 2631 424 2728 guentibas
435 2632 667 2720 studuerunt,
687 2651 720 2703 et
737 2660 761 2703 a
774 2636 933 2733 propriis
951 2631 1102 2719 civibus,
1121 2656 1209 2728 quos
1224 2631 1301 2702 sal·

234 2777 313 2819 rare
341 2748 560 2838 nitebantur,
594 2752 774 2848 injuriose
799 2751 976 2848 perempti
1000 2765 1098 2820 suat.
1135 2749 1301 2847 Denique

234 2868 323 2962 qtrid
358 2867 510 2962 reseram
538 2867 585 2937 de
614 2866 854 2955 Sebastiano,
887 2893 990 2965 quem
1016 2869 1231 2962 sagittatam
1262 2869 1299 2935 in

234 2986 360 3056 cloaca
379 2986 641 3082 stupemlerunt
653 2983 803 3082 grtmjo?
815 2988 868 3080 (ι)
891 2987 994 3081 Quid
1011 2986 1058 3054 de
1081 2984 1297 3071 Laterentio,

234 3130 334 3196 quem
363 3102 587 3199 eratijerreo
611 3105 878 3202 imposuerunt,
900 3119 933 3172 et
954 3106 1080 3200 prunis
1105 3100 1300 3200 subpositis

236 3235 271 3285 ut
292 3222 431 3316 piscini
467 3217 706 3289 assaverunt?
738 3217 842 3314 Quid
865 3220 911 3288 de
941 3218 1161 3318 Hippolyta,
1194 3243 1299 3316 quem

235 3333 427 3431 alligatum
459 3341 556 3433 equis
585 3335 768 3405 indomitis
798 3332 1094 3431 discerpserunt?
1124 3332 1229 3430 Quid
1254 3333 1301 3404 de

240 3491 463 3502 “..---.—
491 3495 630 3503 -.-.-..-.
652 3496 740 3503 .-..-..-.
772 3497 779 3501 -
813 3496 875 3502 n...-
901 3490 1294 3501 ...---*....-—-————-

236 3568 272 3622 lut
294 3590 342 3641 par
364 3571 387 3622 la
405 3581 484 3639 porte
505 3569 627 3622 {thurino
642 3569 710 3642 qu'il
729 3571 901 3641 ypenetraii
924 3568 947 3620 lu
969 3567 1054 3620 clrute
1068 3566 1105 3619 du
1122 3567 1198 3637 jour.
1213 3566 1236 3620 ll
1255 3567 1300 3639 n‘y

236 3669 300 3709 resta
314 3679 369 3731 qui·
386 3661 454 3711 trois
466 3660 544 3728 juurs
554 3659 676 3730 pendant
692 3658 808 3733 lesquels
822 3659 845 3711 lu
861 3659 922 3712 ville
936 3661 978 3711 lut
991 3658 1073 3712 lirree
1086 3678 1119 3711 au
1134 3657 1248 3731 pillage,
1264 3675 1300 3711 au

237 3746 283 3797 riol
297 3759 324 3800 rt
340 3753 353 3798 ξι
371 3747 529 3800 l'inceudie.
550 3749 625 3802 Pour
641 3766 755 3801 excuser
770 3748 808 3800 les
824 3746 994 3812 Normantls,
1010 3765 1047 3800 on
1063 3766 1078 3799 a
1098 3747 1150 3800 mis
1168 3746 1208 3800 les
1221 3746 1299 3818 prin-

237 3835 329 3906 cipaux
346 3848 421 3890 actes
438 3837 473 3889 de
489 3838 603 3890 tirocite
617 3856 664 3890 sur
681 3838 705 3889 le
721 3849 830 3910 compte
850 3838 899 3892 des
914 3839 1054 3892 sarrazins
1077 3838 1158 3910 qn‘ils
1177 3838 1297 3905 avaient,

237 3924 338 3987 dit-on,
356 3947 391 3980 eu
407 3927 493 3997 grand
509 3930 624 3982 nombre
640 3929 708 3982 dans
726 3928 786 3982 leur
798 3933 899 3982 aranee.
919 3930 956 3983 Le
971 3948 1054 4000 pape,
1070 3931 1182 3981 ramesse
1198 3946 1232 3980 au
1250 3946 1298 3999 pa-

238 4013 279 4066 lais
296 4015 331 4068 de
349 4018 466 4081 Latrau,
487 4028 534 4071 eut
550 4020 603 4072 tort
621 4023 635 4072 t
652 4021 720 4073 taire
738 4037 809 4091 pour
826 4039 920 4074 sauver
937 4019 972 4073 de
990 4018 1013 4072 la
1030 4018 1202 4073 destruction
1220 4016 1299 4090 quel-

237 4122 383 4174 ques-unes
400 4107 449 4160 des
464 4107 568 4179 eglises.

266 4199 303 4265 (r)
322 4200 363 4250 tle
385 4206 459 4260 mot,
478 4200 526 4268 qui
543 4198 649 4268 signilir
663 4217 718 4251 une
731 4198 843 4269 chaine,
862 4208 903 4250 est
920 4199 972 4251 tire
989 4197 1037 4251 des
1053 4206 1125 4251 actes
1142 4197 1245 4250 memes
1264 4194 1299 4248 ale

238 4282 471 4340 suni-sebasium

306 4403 314 4447 l
323 4404 346 4449 11
355 4431 364 4444 ·
1109 4404 1117 4446 Ι
1129 4407 1148 4445 2
