3046 5244
93 461 200 539 [1⁰⁸7]
460 453 577 515 LIBER
597 453 803 517 SEPTIMUS.
1104 456 1166 521 233

94 616 254 667 rumores
273 589 418 678 audivi,
437 587 562 662 multis
581 586 879 661 dissuademibus
903 589 972 661 iter
991 589 1111 687 iniri(
1133 589 1163 687 ).

95 710 317 810 Alr’quantos
335 705 486 796 milites,
510 708 577 805 qui
581 702 822 805 ferventiores
839 706 894 779 ad
911 710 1004 781 ictus
1019 706 1169 782 dandos

96 842 218 916 erant,
244 823 389 897 Arenae
412 824 603 925 praenu‘si;
633 840 669 895 et
695 827 773 923 ipse
794 850 876 897 cnm
900 829 1066 899 exercitu
1093 852 1169 900 non

94 941 233 1043 grandi
254 940 467 1027 subsecutus
490 937 650 1011 arduam
671 944 904 1015 munitionem
927 941 1067 1016 obsedi.
1092 942 1171 1015 Sat

95 1077 292 1161 antequam
309 1084 415 1145 rura,
435 1083 519 1156 quse
536 1057 630 1129 inter
645 1057 720 1133 duo
724 1056 891 1156 flumina
903 1077 988 1133 sunt
1002 1089 1013 1132 :
1029 1060 1168 1135 Sedam

97 1197 130 1251 et
157 1177 374 1250 Garennam
392 1175 464 1273 (2),
482 1177 699 1271 attigissem,
721 1202 969 1275 precursores
985 1183 1054 1251 mei
1067 1205 1170 1280 pm-

95 1307 362 1392 occupaeeruut
377 1289 661 1391 Engelrannum
676 1294 863 1381 eonn’tem,
881 1295 921 1367 in
934 1311 1093 1366 castrum
1107 1297 1168 1367 in-

98 1429 193 1483 trare
190 1406 436 1508 jestinantern
441 1465 454 1498 ,
471 1410 660 1507 ipsumque
657 1405 816 1508 sortiter
821 1427 1065 1511 pugnantem,
1078 1413 1169 1511 quia

97 1529 197 1603 miles
220 1544 300 1601 erat
323 1527 568 1624 asperrimus,
595 1526 830 1618 oeciderunt,
858 1544 895 1601 et
915 1532 1069 1626 agmina
1090 1531 1169 1630 ejus

85 1648 328 1751 fugaverunt.
357 1647 557 1723 Obsidione
580 1655 687 1749 gmvi
710 1668 911 1725 castrenses
935 1654 1083 1726 coercui
1091 1710 1104 1743 ,
1136 1670 1183 1727 et.

95 1769 284 1868 perjurum
311 1769 476 1840 comitem
502 1767 656 1841 exulare
679 1770 787 1864 coegi
810 1770 881 1865 (3);
909 1796 978 1843 nec
1005 1775 1044 1842 in
1068 1776 1173 1845 omni

96 1890 170 1957 uita
187 1911 258 1956 sua
276 1882 394 1957 redire
412 1883 466 1957 ad
483 1883 541 1972 id,
561 1884 665 1984 quod
679 1887 871 1976 amiserat,
886 1889 1052 1989 permisi.
1075 1890 1171 1962 Pro-

98 2020 230 2074 teruum
249 2029 396 2101 quoque
413 2003 630 2102 praesulem,
650 2004 717 2102 qui
733 2030 801 2077 nec
816 2005 899 2078 Deo
916 2006 1084 2097 deuotus,
1104 2032 1173 2081 nec

100 2118 296 2219 mihifidus
306 2135 399 2208 erat,
414 2119 460 2191 de
466 2119 677 2220 pontficali
686 2120 771 2194 sede
778 2147 850 2222 per
858 2126 1042 2195 decretum
1052 2125 1173 2225 Papae

102 2236 266 2337 deposui,
279 2252 314 2307 et
322 2235 555 2341 Mauriliurn,
568 2236 813 2309 uenerabilem
825 2237 1055 2327 coenobitam,
1067 2264 1173 2339 quern

101 2353 186 2427 arilei
210 2363 303 2426 Deus
324 2355 372 2426 de
393 2354 582 2428 Florentia
599 2357 744 2428 civitate
758 2355 881 2429 Italiae
898 2359 1171 2448 transmiserat,

103 2476 137 2545 in
155 2474 236 2546 Ioco
252 2474 334 2571 ejus
351 2471 552 2573 subrogavi
564 2474 634 2572 (4).

147 2590 352 2678 Henrieus,
373 2591 490 2690 regali
499 2592 667 2692 potentia
667 2586 813 2688 fretus,
832 2609 868 2664 et
883 2591 1038 2667 militari
1049 2592 1176 2667 auda-

102 2707 357 2804 ciajeroidus,
372 2705 601 2807 hostiumque
614 2734 773 2781 meorum
791 2709 1094 2809 derogationibus
1110 2708 1177 2782 ad·

133 2955 172 3023 (ι)
189 2952 277 3008 Wace
293 2969 364 3007 nous
379 2971 394 3006 a
411 2955 542 3007 conserve
557 2952 583 3008 ie
600 2970 666 3008 nom
682 2951 731 3008 des
744 2954 910 3026 principans
922 2952 996 3008 lieux
1010 2972 1066 3028 que
1081 2953 1106 3009 le
1120 2954 1176 3010 duc

104 3055 231 3100 turena.
247 3045 329 3101 Certe
346 3061 444 3099 course
460 3043 504 3097 sut
520 3045 543 3098 si
560 3043 657 3116 rapide
674 3062 730 3118 qne
742 3044 782 3099 six
800 3043 954 3100 seulement
966 3043 1016 3100 des
1027 3044 1178 3101 chevaliers

103 3135 148 3206 qni
162 3132 350 3189 l'escortsient
360 3152 395 3188 su
408 3134 493 3188 sortir
504 3132 539 3187 de
551 3130 691 3207 Valognes
703 3151 732 3188 se
745 3133 902 3189 trouvsient
914 3152 1016 3189 encore
1029 3136 1130 3209 copres
1141 3133 1178 3190 de

105 3224 141 3279 lui
154 3224 250 3299 quand
265 3224 283 3279 ἰΙ
297 3226 387 3278 arrivs
399 3223 500 3278 devant
513 3226 634 3298 Arques.

137 3324 145 3375 i
149 3326 178 3385 2)
192 3318 229 3372 ln
243 3316 290 3370 Sie
302 3325 329 3370 et
343 3315 368 3369 ln
380 3314 527 3381 Garenne‚
541 3333 579 3369 ou
591 3316 692 3369 riviere
704 3314 852 3388 d’Arqoee.

138 3406 179 3475 (3)
193 3409 249 3463 sor
260 3417 333 3461 cette
347 3406 467 3470 retorto,
481 3406 531 3480 qui
548 3406 706 3478 appartient
722 3409 737 3460 ὲ
753 3406 862 3460 l'annie
878 3402 958 3472 1053,
973 3422 1055 3476 voyez
1069 3404 1095 3459 le
1111 3406 1180 3461 recit

107 3497 139 3552 de
155 3497 320 3553 Goillannre
334 3496 369 3550 de
381 3497 539 3569 inmieges,
556 3507 585 3551 et
596 3496 667 3551 celui
684 3495 720 3550 do
734 3496 831 3550 Wsoe.
848 3497 898 3550 laes
910 3494 1018 3569 moles
1031 3515 1087 3571 que
1100 3506 1181 3552 notre

109 3601 205 3644 aurem
221 3599 279 3644 met
292 3590 326 3642 ici
342 3587 411 3641 dano
424 3587 448 3642 la
463 3586 574 3642 bouche
586 3586 622 3641 de
638 3585 801 3642 Guillanmo
814 3595 960 3652 mearant,
975 3604 1011 3641 no
1023 3597 1087 3641 sont
1102 3587 1182 3659 point

109 3676 234 3733 d'socord
245 3695 310 3731 esec
319 3694 351 3730 oe
363 3694 419 3749 que
430 3675 472 3730 dit
484 3675 510 3730 le
523 3676 646 3748 premier
657 3673 693 3729 de
704 3693 752 3729 ces
763 3675 927 3740 historiens,
942 3691 991 3728 sur
1004 3673 1030 3729 le
1043 3677 1183 3749 generem

111 3767 215 3838 perdon
229 3767 297 3840 qu’i!
313 3768 406 3821 sursit
422 3765 540 3821 necorde
555 3770 570 3820 ir
588 3783 639 3819 son
653 3765 733 3819 oncle
746 3788 751 3818 :
764 3764 865 3819 Noluit
877 3774 1018 3820 extorrem
1031 3775 1059 3819 et
1074 3768 1183 3837 inopem

112 3877 175 3914 mu
192 3862 285 3931 mgis
300 3857 433 3927 pudendo
449 3861 581 3924 eructari,
596 3857 649 3913 sed
659 3876 723 3911 eum
735 3858 829 3928 gratia
845 3867 874 3910 et
884 3856 1110 3928 possessionibus
1121 3858 1183 3928 qui·

116 3947 229 4005 busdam
240 3948 357 4017 amplis,
371 3959 456 4020 atque
468 3949 617 4002 multorum
628 3945 781 4011 redituum,
791 3948 913 4016 patriam
922 3948 949 4000 ei
958 3948 1102 4001 concessit.
1114 3945 1185 3999 Mais

123 4056 136 4089 e
149 4039 286 4092 caractere
299 4036 364 4092 bien
377 4055 470 4093 connu
484 4036 520 4092 de
531 4036 694 4093 Guillsume
708 4055 744 4091 ne
761 4054 832 4091 nous
849 4046 959 4110 peruret
974 4053 1022 4108 prs
1040 4033 1185 4108 d’adopter

116 4124 137 4175 ta
149 4125 256 4180 version
270 4123 306 4179 de
319 4142 368 4179 son
381 4128 568 4199 panegyriste.

148 4219 186 4283 (ί)
199 4216 311 4271 sou-02⁵
325 4215 525 4289 dommilus,
542 4235 624 4285 voror.
639 4214 790 4277 ridemus,
806 4226 826 4269 t.
843 4216 884 4281 lt,
900 4235 925 4287 p.
939 4210 1071 4287 567-373.
