3046 5244
228 464 306 541 [sss]
607 456 902 522 traanscxrus.
1246 464 1286 523 77

227 606 444 692 aparacat.
477 589 545 683 Qui
577 591 642 663 etsi
674 590 893 662 imminentis
922 590 1028 688 pestis
1059 589 1287 664 considerant

225 709 446 811 periculum,
473 709 591 781 minus
616 724 735 780 tamen
758 705 825 778 sub
842 707 903 779 tali
923 733 964 780 ac
985 722 1086 781 tanto
1107 706 1196 782 duce
1213 711 1288 809 jam

224 827 422 904 formidant
434 827 637 926 improvisas
647 826 778 899 mortis
788 824 990 898 interitum.
1002 824 1053 897 At
1063 850 1150 900 vero
1162 825 1290 900 codem

226 945 455 1020 mortalitatis
469 960 620 1044 urgente
636 941 880 1030 incommodo,
899 943 1034 1016 mortui
1051 958 1136 1016 sunt
1150 968 1195 1017 ex
1209 969 1291 1018 mo-

228 1062 346 1137 urcbis
368 1086 526 1152 uxxvnr,
545 1059 608 1135 sod
626 1076 663 1134 et
683 1060 901 1134 famulorum
919 1085 997 1135 non
1015 1062 1165 1135 minima
1190 1063 1290 1136 mul-

228 1180 353 1256 titudo.
373 1212 391 1249 a

271 1330 291 1368 a
303 1298 507 1387 Cretam,
521 1296 608 1398 quid
622 1296 668 1371 de
679 1295 837 1398 quodam
848 1321 976 1371 eorum
988 1297 1199 1398 contigerit,
1215 1322 1291 1371 non

226 1432 369 1515 oportet
384 1417 572 1516 praeterire
583 1415 740 1490 silentio.
758 1416 839 1514 lpso
854 1439 1010 1515 namque
1022 1412 1080 1488 die
1092 1414 1291 1489 Dominicae

228 1532 451 1621 Natiuitatis,
472 1530 519 1605 ab
535 1558 631 1621 uno,
653 1530 757 1604 valde
775 1532 975 1606 necessario
993 1532 1200 1606 monasticas
1223 1532 1290 1620 rei,

229 1650 342 1724 ablata
355 1665 410 1724 est
422 1651 554 1723 anima.
569 1649 638 1743 Qui
649 1649 815 1750 diligenti
832 1647 951 1723 studio
965 1649 1099 1722 funeris
1113 1652 1294 1749 composi-

231 1784 294 1858 tus,
306 1782 411 1841 extra
421 1767 692 1857 monasterium,
704 1764 768 1839 ubi
780 1753 1294 1867 locuseratsepeliendiaspor·

231 1902 340 1973 tatur,
363 1884 486 1985 ibique
501 1909 583 1958 eum
599 1883 838 1984 deponentes,
856 1883 1109 1984 exspectabant
1126 1887 1295 1985 quatinus

231 2003 370 2102 expleto
382 2003 570 2074 missarum
583 2002 768 2102 praeconio
780 2003 974 2101 sepulturae
988 2000 1200 2076 traderetur.
1216 2004 1294 2078 Fle-

232 2119 287 2193 bat
302 2137 427 2193 actem
446 2120 553 2192 totius
575 2119 731 2193 ecclesiae
751 2135 950 2193 conventus
971 2146 1039 2219 pro
1060 2122 1150 2195 tanti
1172 2120 1295 2195 famuli

232 2255 359 2312 morte.
375 2239 598 2311 Procurator
607 2238 741 2338 quippe
753 2235 1059 2337 diligentissimus,
1076 2262 1133 2310 res
1143 2238 1296 2311 fratrum

233 2354 505 2431 administrabat
527 2356 801 2443 officiosissime,
828 2381 898 2456 qua
922 2354 967 2428 de
990 2380 1091 2428 causa
1117 2356 1231 2429 nimio
1251 2356 1298 2430 ab

234 2472 401 2546 omnibus
422 2472 608 2547 colebatur
630 2498 766 2546 amore.
791 2472 881 2546 Cum
906 2498 995 2574 ergo
1014 2475 1152 2573 pariter
1173 2499 1300 2549 omnes

236 2589 374 2683 fluent,
386 2590 510 2664 beatus
520 2589 703 2680 Ebrulius,
716 2590 891 2691 Spiritum
903 2591 1075 2665 Sanctum
1089 2607 1162 2665 tota
1177 2610 1299 2669 mente

235 2710 451 2807 concipiens,
468 2708 669 2798 infremuit,
683 2706 873 2808 dolorique
886 2709 1040 2781 fratrum
1058 2711 1297 2808 compatiens,

236 2823 275 2897 ad
299 2843 387 2899 nota
408 2823 569 2925 praesidia
596 2826 772 2912 recurrit,
793 2822 1154 2914 orationi-incubuit,
1177 2844 1301 2926 pectus

238 2943 465 3016 vehementer
503 2941 629 3032 caedit,
666 2940 872 3042 tamdiuque
908 2967 982 3015 sese
1021 2941 1301 3041 lacrymabiliter

238 3062 356 3132 afflixit
384 3061 422 3133 in
444 3085 571 3159 prece,
597 3058 712 3133 donec
732 3084 802 3159 pro
824 3084 897 3161 quo
918 3059 1132 3159 precabatur
1150 3064 1302 3136 famulus

240 3194 458 3279 resurgeret,
471 3196 507 3250 et
520 3179 650 3278 gratias
665 3203 773 3277 agens
789 3204 857 3278 pro
875 3177 1011 3251 reddita
1027 3179 1100 3250 vita
1110 3233 1122 3270 ,
1140 3197 1223 3253 aute
1242 3207 1302 3280 pe·

238 3291 292 3365 deo
308 3295 569 3369 resuscitatoris
584 3293 853 3393 procumberet.
871 3294 952 3388 Quo
969 3296 1080 3382 sacto,
1104 3294 1147 3368 ad
1166 3299 1302 3372 coelum

240 3408 372 3484 elamor
388 3411 544 3500 tollitur,
564 3436 696 3484 nomen
709 3428 840 3484 sairctae
856 3413 1043 3484 Trinitatis
1060 3414 1095 3484 in
1111 3439 1303 3491 commune

242 3523 475 3616 betrcdicitur,
492 3529 609 3602 clarus
620 3545 657 3601 et
667 3529 899 3629 apostolicus,
917 3532 999 3629 quia
1013 3546 1176 3604 mortuos
1191 3537 1303 3608 susci-

244 3647 387 3733 taverit,
410 3645 505 3745 apud
531 3664 680 3722 cunctos
703 3646 875 3720 Ebrullus
897 3647 1063 3721 babetur.
1090 3648 1159 3742 Qui
1184 3670 1303 3727 autem

247 3760 433 3836 vivificatus
444 3765 574 3852 luerat,
587 3766 739 3862 pristino
752 3767 935 3839 restitutus
944 3767 1075 3853 officio,
1090 3785 1210 3867 postea
1227 3773 1305 3870 plu-

250 3902 296 3949 res
319 3882 406 3955 vixit
427 3907 554 3954 annos.
580 3881 630 3954 At
651 3882 796 3956 demum
820 3899 1003 3957 annuente
1025 3901 1116 3957 nutu
1138 3914 1303 3986 supernae

254 3995 397 4088 pietatis,
417 4001 563 4071 cessavit
581 4000 734 4102 languor
753 4000 812 4072 ille
829 4001 1004 4073 mortalis.
1026 4029 1045 4072 »

297 4114 464 4188 «Verum
490 4133 647 4189 cessante
679 4117 907 4207 infirmitate,
938 4143 1012 4190 non
1042 4117 1197 4192 cessabat
1227 4124 1306 4220 pius

261 4245 363 4320 pastor
392 4260 460 4330 pro
484 4233 657 4307 defunctis
680 4260 852 4327 exorare,
883 4235 1083 4334 intelligens
1112 4238 1194 4336 quia
1223 4268 1305 4318 vera
