3046 5244
328 448 390 511 514
614 442 798 504 tttstotttt
820 440 1126 503 ECCLESlASTlCil.
1298 442 1411 521 [itm]

329 580 523 681 progressi,
536 576 775 649 obviaverunt
784 576 848 662 eis,
862 572 906 647 atl
918 572 1158 647 resistendum
1167 573 1299 673 panti.
1314 572 1412 645 Tan·

328 694 472 781 credns,
492 696 549 765 vir
563 692 730 793 equidem
747 690 940 791 singularis
959 690 1203 779 strenuitatis,
1226 688 1411 763 hostiliter

328 836 511 913 aggressos
529 809 686 881 viriliter
702 807 861 894 caecidit,
882 831 1013 906 eosque
1029 806 1208 905 fugientes
1222 808 1259 881 iu
1277 804 1411 879 urbem

329 930 523 1030 refugavit,
551 943 587 999 et
612 925 741 999 urbem
766 924 919 999 obsedit.
948 922 1064 997 Nocte
1091 924 1271 1011 insecuta,
1298 924 1410 997 Tucci

328 1047 678 1147 luge1·unt,etcives
696 1043 764 1117 sub
782 1045 860 1143 ipso
874 1044 991 1115 noctis
1004 1044 1161 1116 articulo
1183 1042 1256 1115 alte
1271 1042 1412 1115 clama-

328 1180 485 1239 verunt:
508 1164 647 1235 Frmici
674 1161 952 1261 triumphatores
972 1160 1071 1233 orbis
1090 1178 1127 1233 et
1140 1160 1411 1247 dominatores,

334 1284 447 1355 'I’urci
480 1295 718 1361 recesserunt,·
754 1278 840 1351 urbs
871 1295 996 1377 patet,-
1029 1276 1214 1349 accedite!
1243 1278 1411 1367 Cicrn'te,

329 1402 467 1473 Franci
494 1396 739 1483 invictissimi,
762 1398 940 1493 recepturi
963 1396 1164 1479 civitatem,
1185 1396 1346 1483 currite,
1367 1420 1415 1467 ne

329 1515 542 1591 moremini!
559 1515 637 1585 Cur
649 1510 831 1585 tardatis?
844 1513 931 1585 ttaec
943 1536 1076 1611 nempe
1088 1526 1293 1585 castrorum
1304 1538 1416 1585 ercn-

296 1654 299 1659 ·
329 1632 468 1707 bitores
484 1629 577 1702 bene
592 1627 800 1701 audierunt.
817 1627 886 1701 Sed
903 1627 1079 1728 quoniam
1093 1653 1166 1701 nos
1182 1642 1284 1717 erat,
1298 1628 1415 1701 consi-

332 1748 421 1821 lium
441 1760 478 1819 et
506 1744 693 1843 negotium
719 1742 808 1816 illud
834 1746 872 1817 in
894 1741 992 1817 diem
1008 1742 1162 1817 dilatum
1176 1760 1244 1817 est.
1268 1742 1414 1819 Aaron

332 1867 600 1949 illuscescente,
619 1877 801 1935 venerunt
824 1862 978 1935 civitatis
1003 1864 1176 1961 majores,
1191 1888 1304 1963 seque
1329 1888 1416 1935 sua·

332 2007 402 2084 que
427 1980 640 2055 Christianis
665 1978 854 2068 ualentes,
875 1995 912 2052 et
927 1977 1158 2053 Tancreilum
1179 1977 1249 2053 sibi
1276 1982 1417 2079 princi·

334 2126 417 2201 pem
430 2101 615 2199 eligentes.
629 2097 684 2169 lbi
700 2099 908 2196 principum
920 2123 1049 2198 magna
1065 2097 1108 2171 lis
1120 2114 1247 2173 exorta
1258 2114 1328 2173 est.
1341 2100 1418 2171 nn-

334 2219 466 2293 duinus
491 2218 607 2305 enim,
634 2218 732 2316 cujus
762 2218 939 2289 exercitus
966 2219 1119 2317 majores
1142 2234 1249 2291 erant
1276 2220 1416 2319 copie.

337 2349 434 2410 totus
445 2350 523 2407 erat
540 2333 576 2405 in
593 2349 765 2431 pestutum
777 2330 1079 2431 depopulatione,
1095 2334 1153 2407 vel
1169 2330 1302 2407 urbem
1312 2332 1419 2409 dimi·

336 2449 434 2526 diam
453 2448 650 2525 vindicare.
667 2451 784 2525 Porro
795 2448 1020 2538 Taricredus,
1042 2466 1082 2523 ut
1095 2468 1174 2525 erat
1186 2450 1416 2537 moderatus,

340 2567 582 2645 maluituibis
606 2566 797 2642 dominatu
820 2593 962 2656 carere,
983 2594 1094 2669 quam
1120 2570 1275 2659 civium,
1293 2572 1360 2671 qni
1384 2596 1421 2645 se

341 2686 549 2787 benigniter
576 2686 693 2759 eidem
727 2688 1004 2775 commiserant,
1031 2685 1216 2763 facultates
1242 2686 1417 2789 diripere.

342 2802 447 2879 Unde
471 2806 542 2877 suis
559 2806 702 2903 signum
720 2803 840 2893 dedit,
862 2806 1030 2907 lituisque
1052 2805 1328 2905 claiigentibos,
1353 2806 1421 2879 ali-

343 2921 561 3023 quantnlum
584 2922 813 3009 amaricatus,
832 2921 1018 3011 abscessit,
1034 2939 1071 2996 et
1094 2924 1294 2997 balduinus
1310 2940 1421 2997 totam

344 3037 498 3111 Tarsum
514 3039 610 3113 solus
625 3038 786 3113 obtinuit
801 3042 871 3140 (r).
895 3040 970 3115 Nec
985 3066 1087 3114 mora
1096 3096 1109 3131 ,
1131 3040 1326 3117 Tancmrlo
1343 3042 1423 3117 du

346 3153 821 3254 civitatesoptimae21lzera
839 3160 896 3255 (2)
916 3174 954 3231 et
971 3156 1154 3231 llamistra
1174 3160 1251 3257 (3),
1270 3156 1422 3233 reddite

383 3428 425 3499 (ι)
442 3428 483 3481 (Σο
500 3428 570 3482 tecit
587 3428 658 3483 u’est
677 3446 726 3503 pas
742 3430 938 3503 pariaitemeut
954 3438 1042 3483 eust.
1060 3428 1111 3483 laes
1124 3428 1216 3485 Tum
1231 3430 1425 3485 a'tmtrut

350 3536 399 3593 pas
411 3518 662 3575 clandestiurmcnt
677 3520 763 3576 'larse
776 3520 968 3593 (anjonnl'bni
982 3520 1127 3587 'lamos),
1138 3520 1426 3577 nutribam

349 3608 376 3665 le
386 3610 509 3683 ‹lupis-an
522 3610 571 3665 iles
584 3612 748 3681 Clircticus,
766 3632 801 3669 cn
817 3624 988 3687 prometunt
1004 3612 1041 3667 cle
1053 3632 1082 3667 se
1095 3612 1208 3679 nadre,
1222 3612 1280 3667 s'ils
1293 3614 1427 3669 a't'hht

350 3716 398 3773 pas
417 3716 558 3753 secouros.
575 3702 615 3754 (ie
634 3700 677 3757 lut
695 3701 840 3757 llaorlouin
858 3704 908 3777 qui
923 3702 1025 3757 achera
1041 3700 1078 3757 tle
1093 3702 1133 3757 les
1144 3696 1256 3757 ebant·
1268 3700 1321 3757 stes
1332 3712 1426 3763 mn.

349 3790 433 3865 qu'ils
444 3792 609 3863 uri-upaient
620 3810 736 3857 encore,
751 3794 877 3869 lorsqu'il
887 3804 936 3849 eut
947 3793 1086 3867 templati·
1096 3790 1243 3851 Twetltlt
1252 3790 1326 3849 ὢν
1334 3792 1428 3849 l'ioto·

352 3884 428 3935 riettt·
440 3880 475 3931 tlt·
489 3880 513 3933 lo
528 3882 612 3953 plave.

382 3972 424 4039 (a)
439 3970 513 4024 lisez
527 3996 532 4025 :
550 3970 665 4027 Adnrcm
685 3976 768 4028 (letti
786 3976 848 4029 nlla·
863 3988 903 4029 ost
919 3978 1008 4031 sititet·
1019 3978 1035 4029 b
1051 3974 1113 4029 buit
1127 3974 1215 4029 tiene·
1225 3982 1268 4029 est
1281 3969 1318 4027 tle
1330 3972 1418 4029 Tm

351 4061 513 4123 'l'aocrislr,
531 4061 556 4115 la
571 4073 702 4117 temnant
716 4062 778 4137 slepi
795 4086 917 4139 ‹si-cigna·
930 4086 980 4139 par
997 4084 1035 4120 no
1052 4064 1192 4121 cliesalicr
1208 4062 1426 4135 Βαιηιιμ.

351 4168 464 4205 unnim«-
476 4150 594 4213 Gucllc,
610 4168 686 4225 passa
699 4166 794 4219 cunr,
809 4162 889 4229 apri-s
903 4156 935 4227 ι’)
954 4158 1014 4209 itrc
1027 4173 1125 4227 regione
1137 4166 1165 4209 rt
1177 4156 1404 4227 approvano-u.

385 4238 424 4309 ¹3)
442 4242 514 4295 lin-r
553 4242 712 4299 ‚llarlmntra
743 4246 896 4303 l'sactcnuc
913 4248 1094 4315 ‚namucum
1117 4244 1233 4321 appele·
1246 4242 1427 4317 emh·
