3016 5242
236 460 296 520 490
513 456 700 517 tttsTotttt
722 453 1031 513 ECCLESIASTICA.
1206 456 1308 533 [totto]

235 592 338 663 Tunc
357 591 461 662 multi
487 588 777 661 Christianorum
796 586 917 687 gladio
941 584 1167 660 ceciderunt.
1190 585 1228 657 Si
1248 587 1306 685 qui

235 732 323 779 vero
352 722 570 804 potuerunt,
607 706 688 804 luga
722 704 855 801 elapsi,
889 718 1007 775 castro
1038 703 1179 799 recepti
1214 718 1305 774 sunt.

236 822 316 914 Quo
344 820 501 921 undique
532 820 694 908 obsesso,
723 820 845 891 statim
868 817 986 891 hostes
1009 816 1159 890 inclusis
1185 842 1308 918 aquam

235 938 474 1012 abstulerunt.
489 940 585 1012 Fons
602 956 638 1010 et
654 955 781 1037 puteus
791 992 802 1027 ,
821 963 894 1036 quo
922 936 1108 1010 castellum
1133 950 1309 1009 sustenta-

235 1055 356 1145 batur,
372 1072 471 1128 extra
488 1072 566 1128 erat
575 1110 585 1143 ,
601 1082 710 1155 quem
720 1071 916 1153 utrumque
929 1052 1086 1127 viriliter
1097 1053 1309 1150 circumsep

238 1190 314 1245 tum
339 1174 434 1274 legio
463 1174 671 1245 Tureorum
697 1172 942 1244 indesinenter
968 1168 1202 1245 observabat.
1233 1170 1308 1243 Sitis

237 1292 355 1391 itaque
372 1293 521 1363 nimiam
547 1290 880 1363 incommoditatem
896 1287 1027 1362 obsessi
1046 1314 1115 1387 per
1132 1287 1210 1361 dies
1232 1304 1306 1361 octo

234 1412 501 1499 sustinuerunt,
519 1409 579 1480 sed
593 1408 642 1482 ob
657 1411 881 1481 nimietatem
895 1409 1073 1481 scelerum
1089 1424 1129 1479 et
1144 1407 1305 1479 duritiam

235 1526 400 1599 cordium
417 1528 550 1598 anxiati
567 1543 669 1614 sunt,
687 1552 753 1599 nec
774 1554 792 1596 a
810 1527 885 1597 Deo
898 1522 1058 1623 adjuvari
1083 1539 1303 1596 meruerunt.

236 1642 398 1717 Tandem
411 1644 484 1716 (lux
502 1671 628 1717 eorum
642 1671 724 1716 cum
738 1645 866 1715 Tureis
879 1643 1088 1716 consiliatus
1102 1657 1179 1730 est,
1196 1642 1305 1741 eisque

236 1786 399 1851 suorum,
412 1763 440 1832 si
451 1779 583 1859 posset,
594 1760 840 1859 proditionem
852 1763 1007 1833 fratrum
1016 1775 1146 1858 pactus
1158 1773 1226 1831 est.
1238 1759 1305 1831 llai

236 1877 362 1950 naldus
390 1879 514 1977 igitur,
536 1879 675 1978 lingens
701 1904 737 1951 se
763 1878 808 1949 acl
826 1878 965 1950 bellum
983 1875 1209 1976 procedere,
1235 1901 1303 1949 cum

235 1997 359 2069 multis
379 1999 510 2085 exivit,
532 2025 572 2069 ac
593 1996 637 2068 ad
661 1996 799 2069 'lurcos
827 1997 1008 2095 transfuga
1035 1996 1146 2095 sugit.
1171 1992 1302 2067 Residui

234 2139 322 2188 vero
341 2114 566 2188 inhonestam
579 2114 800 2188 deditionem
813 2116 927 2187 eoacti
941 2114 1128 2203 lecerunt,
1145 2129 1184 2185 et
1197 2112 1304 2210 despe

235 2249 375 2319 rantes,
395 2234 677 2306 abominabilem
694 2235 906 2331 apostasiam
925 2235 961 2305 in
982 2233 1103 2304 Deum
1119 2232 1303 2305 commisc-

236 2365 335 2420 runt.
355 2350 472 2422 Porro
492 2351 562 2440 illi,
583 2352 646 2450 qui
660 2349 741 2422 lidei
756 2376 828 2421 suae
847 2349 1098 2422 testimonium
1115 2345 1302 2447 perhibue-

236 2485 342 2556 runt,
369 2470 558 2567 capitalem
577 2471 794 2541 sententiam
811 2467 1020 2557 subierunt,
1037 2466 1096 2541 vel
1114 2468 1154 2540 in
1173 2469 1302 2568 signnm

236 2587 357 2682 positi,
374 2588 529 2686 sagittati
545 2604 649 2676 sunt,
666 2587 722 2659 vel
738 2586 785 2658 ab
799 2587 955 2660 invicem
971 2583 1092 2674 divisi,
1114 2584 1183 2658 vili
1200 2583 1302 2685 pntio

237 2703 452 2795 venundati,
470 2705 527 2776 vel
543 2706 579 2776 in
593 2706 800 2803 captivitate
814 2731 897 2777 cum
914 2701 1086 2777 Bertaldo
1104 2704 1243 2777 comite
1255 2699 1302 2773 ab

235 2820 347 2894 ducti.
368 2814 469 2894 Hanc
487 2835 544 2894 111⁰
559 2822 725 2895 kalendas
739 2822 900 2896 octobris
914 2823 969 2919 (1)
982 2822 1145 2921 primam
1157 2844 1303 2921 persecu·

238 2940 374 3010 tionem
380 2939 572 3010 Christiani
584 2942 736 3037 perpessi
744 2950 843 3030 sunl,
851 2938 1302 3039 etsicAlemanni,aliaeque

237 3070 360 3151 gentes
376 3056 411 3126 in
424 3054 646 3127 Corosanum
663 3060 732 3154 (2),
746 3058 802 3129 vel
816 3055 947 3155 illeplr,
957 3055 1129 3154 captivati
1140 3050 1302 3131 suutSed

235 3171 297 3270 qui
314 3173 350 3242 in
369 3170 438 3242 lide
448 3171 579 3243 Christi
594 3189 886 3270 permanserunt,
902 3173 1063 3271 glorioso
1079 3170 1157 3246 fine
1169 3174 1302 3274 quiete·

235 3303 336 3358 runt.
359 3286 486 3360 Franci
506 3290 640 3388 quippe
650 3291 727 3389 jam
745 3291 851 3388 longe
867 3306 1132 3389 praecesserant
1138 3344 1152 3379 ,
1167 3306 1205 3363 et
1220 3286 1302 3360 Che·

235 3422 394 3479 vetotem
410 3407 540 3480 urbem
559 3411 614 3506 (5)
634 3410 873 3496 intraverant,
893 3435 1004 3508 qutun
1027 3406 1184 3481 Alexius
1200 3409 1302 3505 impe-

212 3556 222 3577 a
237 3541 338 3596 rator
354 3553 469 3622 nuper
486 3546 696 3599 construere
711 3543 873 3625 coeperat
879 3581 890 3615 ,
908 3544 944 3599 et
957 3526 1107 3627 Anglis,
1123 3528 1190 3628 qui
1202 3523 1302 3600 eheie

236 3640 421 3714 Guillelmi
436 3644 546 3716 Nothi
561 3648 745 3745 fugerant,
764 3644 904 3717 tradere
916 3645 1100 3735 voluerut5
1120 3644 1185 3721 sed
1197 3639 1303 3744 probi·

271 3959 280 4026 l
287 3959 309 4025 1)
327 3956 362 4009 Le
376 3974 411 4030 ¹19
423 3959 592 4028 septembre.

271 4048 310 4117 (a)
326 4049 361 4101 lae
373 4048 551 4101 lio1·aza11.-
563 4050 640 4122 allop.

271 4135 310 4207 (3)
325 4142 367 4191 alu
383 4140 453 4209 snjet
471 4140 505 4193 do
521 4152 593 4194 rettc
607 4142 685 4201 villu,
706 4162 785 4213 vovit.
801 4142 959 4209 ‹zi-dossas,
978 4155 997 4196 1.
1012 4144 1068 4213 ll„
1079 4163 1108 4217 p.
1137 4142 1187 4219 175
1204 4156 1229 4196 rt
1250 4144 1296 4215 1ζὶ-

238 4225 294 4279 lello
306 4237 346 4280 cst
360 4228 512 4300 ronrplacee
524 4231 703 4300 aujourd'lrni
721 4253 768 4303 par
781 4233 806 4288 le
817 4234 907 4307 baurg
922 4244 986 4289 turc
1001 4232 1037 4289 dc
1050 4232 1199 4291 Ghamtit.
