3016 5242
218 387 429 467 [ιοιι-ιοιι]
618 386 737 450 ιιιιι
756 386 895 451 nonus.
1231 386 1289 455 tn

217 544 362 593 versum
376 517 505 591 orbem
516 518 804 618 perstrepebant,
818 534 856 595 et
869 518 1027 593 immites
1040 519 1233 620 terrigenoe
1243 521 1297 593 in-

211 639 338 738 gentia
352 636 419 709 sibi
430 635 588 711 caedibus
601 653 636 710 et
645 637 781 735 rapinis
792 634 922 710 damna
935 652 1067 710 mutuo
1078 634 1294 711 inserebant.
1354 706 1361 719 ,

217 755 385 855 Nequitia
403 754 593 853 multiplex
605 753 711 827 nimis
724 751 948 842 abundabat,
963 768 1000 827 et
1015 752 1224 829 innumerus
1239 781 1297 828 ca-

216 872 394 946 lamitates
422 871 612 945 clientibus
640 872 712 945 suis
740 870 1002 973 suppeditabat.
1034 873 1140 961 Tunc
1164 898 1296 973 magna

215 989 354 1063 siccitas
376 991 539 1090 gramina
566 1006 672 1062 terrae
696 990 868 1087 perussit,
896 1005 1032 1088 segetes
1059 1006 1096 1063 et
1113 990 1295 1090 legumina

217 1107 328 1195 laesit3
343 1106 474 1206 quibus
485 1104 733 1204 pereuntibus,
748 1107 904 1178 maxima
917 1108 1027 1177 sumes
1040 1106 1238 1204 successit(
1262 1106 1292 1205 ).

266 1225 443 1297 Henricus
458 1227 656 1323 imperator
666 1223 868 1297 Romanum
880 1222 1080 1296 Ecclesiam
1096 1223 1297 1325 impugna-

217 1339 301 1427 bat,
321 1340 514 1440 multisque
531 1340 665 1413 merito
682 1341 719 1411 in
733 1336 900 1411 eumdem
914 1337 1207 1438 insurgentibus,
1229 1338 1309 1411 Ilei·

217 1470 310 1529 nutu
322 1454 589 1529 succumbebat.
602 1453 773 1529 Urbanus
785 1453 880 1553 Papa
893 1452 1086 1527 Placentiae
1100 1454 1296 1529 concilium

218 1573 334 1645 tenuit
343 1627 354 1661 ,
375 1571 468 1645 etde
484 1596 570 1671 pace
584 1571 733 1673 aliisque
750 1568 966 1644 utilitatibus
980 1585 1113 1643 sanctse
1125 1570 1296 1649 Ecclesiae

215 1686 411 1790 diligenter
428 1689 625 1788 tractavit(
649 1690 680 1788 ).
1092 1715 1095 1719 ·

268 1805 1005 1894 Annoabincarnationellomiuiu⁰xc⁶v⁰,
1015 1803 1295 1892 indictionen1⁸‚

216 1921 335 2023 pridie
352 1949 465 1998 nonas
482 1923 625 2023 aprilis,
639 1924 726 1996 leria
740 1936 805 2013 η’,
821 1923 907 1997 luna
922 1935 1038 2013 xx·v¹,
1052 1924 1089 1997 in
1104 1922 1234 1996 Galliis
1249 1922 1295 1997 ab

219 2040 469 2115 innumeribus
496 2040 761 2139 inspectoribus
780 2042 876 2115 risus
898 2032 950 2114 est
970 2056 1090 2114 tantus
1110 2040 1297 2115 stellarum

217 2157 413 2239 discursus,
429 2176 470 2231 ut
482 2157 637 2259 grando,
656 2159 724 2232 nisi
743 2159 898 2248 luceret,
915 2184 986 2258 pro
1001 2156 1176 2232 densitate
1186 2174 1297 2258 puta-

219 2293 361 2350 rentur.
387 2276 492 2349 Multi
514 2277 624 2350 etium
649 2276 771 2350 stelles
793 2274 1117 2376 cecidisse’opinati
1135 2289 1240 2367 sunt3
1257 2291 1299 2348 ut

220 2446 1292 2477 -0-——-——--·---—-—--—-—————-

252 2555 264 2626 l
268 2556 292 2626 ι)
303 2553 390 2608 Notre
401 2563 501 2608 auteur
511 2571 582 2608 nous
589 2552 678 2626 puralt
685 2555 762 2610 avoir
771 2570 811 2608 uu
823 2570 879 2628 peu
890 2540 1036 2628 chargeci
1044 2552 1165 2610 tsblettu.
1176 2552 1253 2610 Tuus
1261 2552 1298 2610 dc
1358 2562 1361 2567 '

215 2642 310 2699 fleaux
325 2644 485 2698 secissaient
502 2641 733 2699 habituellerneut
747 2658 796 2700 sur
808 2642 849 2700 les
862 2643 1043 2719 poputntions
1055 2646 1071 2699 i
1085 2654 1160 2715 cette
1170 2646 1295 2721 epoque,

217 2750 274 2809 que
288 2751 359 2786 nous
371 2751 407 2787 ne
416 2750 521 2804 voyons
532 2733 593 2787 rien
605 2751 640 2788 en
653 2751 684 2789 ce
699 2751 785 2806 genre
797 2733 833 2790 de
845 2733 1009 2809 particulier
1021 2737 1037 2790 i
1051 2734 1159 2791 l’aunde
1175 2738 1258 2811 ¹⁰94·
1272 2736 1296 2792 si

218 2840 250 2877 oe
262 2821 333 2877 n’est
345 2840 401 2876 une
415 2833 490 2895 peste
503 2824 552 2898 qui
566 2823 674 2879 eteudit
688 2840 857 2899 sesravages
870 2842 906 2880 en
920 2825 1044 2893 France,
1061 2826 1131 2882 uruit
1142 2826 1192 2901 qui
1203 2825 1297 2883 tuot·

218 2909 475 2984 particulierernent
493 2910 517 2964 la
536 2911 647 2968 Brsitre
665 2921 694 2968 et
711 2912 752 2967 les
769 2912 856 2969 bords
868 2912 908 2969 du
923 2912 1011 2970 Rutu.
1028 2914 1067 2970 Lu
1080 2914 1247 2991 Cbrouique
1261 2914 1298 2971 de

217 2988 434 3058 Saint-lltienne
454 3001 490 3055 dc
510 3002 587 3057 Caen
609 3001 686 3075 purle
706 3003 772 3059 bien
790 3003 863 3059 aussi
883 3002 968 3059 d'uue
988 3004 1195 3077 qecbetestdet
1212 3003 1298 3061 d’uue

218 3091 336 3156 iumine,
354 3091 423 3144 nnis
437 3090 489 3145 elle
508 3090 548 3146 les
567 3102 699 3165 rapporte
711 3094 728 3147 i
738 3092 847 3149 l’annte
864 3092 1084 3168 1091.Cette‹te
1100 3094 1297 3153 succutiens

218 3179 309 3236 ucles
326 3179 403 3252 place
422 3199 457 3234 au
472 3181 611 3236 contraire
626 3183 709 3254 qu’en
731 3183 797 3258 1095
812 3206 818 3236 ι
834 3184 922 3239 Anno
939 3183 1007 3258 1095
1026 3188 1141 3243 siccitas
1158 3189 1296 3253 maxima,

218 3270 363 3343 multaque
375 3268 508 3324 incendia
520 3279 547 3322 et
559 3271 744 3326 mortalitates
756 3270 908 3327 bominum.

254 3358 295 3430 (a)
310 3360 346 3412 Le
361 3360 433 3432 parti
447 3358 481 3412 de
495 3359 663 3432 l'empereur
676 3360 765 3430 Hebri
780 3362 822 3417 lv
836 3360 870 3428 (5
882 3362 1000 3418 octobre
1014 3362 1116 3438 subd-7
1128 3360 1197 3417 nott
1214 3360 1297 3432 11⁰6)

217 3448 289 3503 tuit
308 3465 343 3501 en
361 3447 424 3503 effet
443 3465 516 3503 assez
535 3467 590 3521 peu
608 3449 747 3506 florissant
767 3468 804 3506 eu
823 3451 934 3507 Italici
950 3461 1024 3508 cette
1041 3454 1161 3526 ipoque.
1179 3451 1237 3508 Son
1255 3450 1299 3507 fils

217 3537 347 3606 Conrad,
363 3555 398 3592 en
412 3557 512 3612 guerre
525 3549 622 3595 contre
636 3538 691 3608 tui,
706 3539 797 3596 s'dtait
808 3539 859 3596 tait
873 3548 1033 3605 courouuer
1042 3541 1087 3597 roi
1100 3540 1154 3597 des
1165 3540 1299 3597 Romaion

218 3643 255 3682 en
271 3625 349 3700 1095.
368 3627 405 3681 Le
421 3628 527 3683 concile
541 3627 577 3683 de
593 3627 736 3685 Plaisauce
752 3628 797 3685 lut
814 3629 949 3686 usemble
961 3628 1064 3705 depuis
1077 3630 1105 3687 le
1122 3630 1299 3707 1⁶³jusqu’uu

219 3735 236 3793 7
250 3736 325 3772 mars
342 3718 418 3791 1095.
438 3717 461 3772 ll
480 3718 517 3790 s’y
532 3729 629 3773 trouva
643 3717 717 3775 deux
733 3728 812 3776 cents
826 3720 961 3795 evesques,
979 3721 1043 3795 plus
1059 3720 1096 3777 de
1110 3732 1211 3797 quatre
1223 3720 1301 3777 mille

219 3804 306 3862 clercs
321 3816 350 3860 et
369 3806 404 3860 de
426 3816 517 3861 trente
539 3806 614 3862 mille
635 3805 752 3882 lat'ques.
775 3811 826 3866 Les
846 3809 1056 3867 ambassadeurt
1076 3810 1112 3867 de
1133 3810 1301 3885 l’empereur

218 3896 354 3953 d'Orient
367 3916 383 3969 y
396 3898 507 3952 vinrent
520 3898 654 3953 re'clanrer
662 3898 688 3954 le
696 3918 808 3957 secours
817 3901 866 3957 des
876 3902 1029 3960 Chretiens
1043 3903 1138 3959 latim
1151 3912 1249 3958 contre
1259 3900 1300 3957 let

219 3990 320 4056 Turcs,
335 3990 384 4063 qui
394 3991 502 4044 avaient
510 3990 608 4044 envahi
618 4008 737 4066 presque
745 4001 824 4049 toute
834 3990 920 4050 l‘Asie
931 3994 1070 4061 bliueure,
1085 4003 1114 4050 et
1124 3992 1297 4066 mensotieut

217 4079 460 4153 Constantinople.
474 4081 514 4136 Ce
526 4080 569 4135 lut
579 4080 620 4149 li,
635 4092 664 4137 et
675 4084 692 4137 i
702 4094 775 4141 cetto
785 4085 927 4154 occasion,
941 4085 1099 4161 qu’Urbain
1112 4084 1142 4140 11
1153 4084 1186 4139 tt
1197 4084 1223 4139 lt
1235 4100 1298 4157 pre·

218 4167 309 4222 mibi-e
323 4169 496 4241 proposition
511 4169 546 4225 de
560 4169 584 4233 la
599 4171 735 4227 croisade.
