3016 5242
215 408 275 468 448
495 407 680 467 HISTORIA
704 405 1010 466 ECCLESIASTICA.

216 540 288 612 lem
313 539 445 636 Papam
466 565 535 635 pro
564 537 732 610 libertate
760 538 915 637 litigavit
925 562 936 626 ;
967 538 1181 634 ipsumque,
1209 533 1290 632 quia

216 657 418 756 plenarium
428 655 494 727 sibi
509 673 648 728 rectum
663 682 737 727 non
747 657 891 742 fecerat,
907 653 950 725 ad
962 653 1129 725 divinum
1143 675 1290 723 examen

217 775 440 873 provocavit.
476 775 582 872 Cujus
608 771 870 845 formidandam
902 771 1172 844 animositatem
1200 770 1289 866 Papa

198 961 204 973 ,
219 891 393 960 reveritus
407 904 476 976 est,
491 888 678 988 ipsumque
686 943 696 976 ,
711 905 750 959 ut
763 913 883 960 secum
896 885 941 958 ad
953 887 1131 959 Romanae
1144 884 1291 956 tutelam

218 1006 374 1078 ecclesiae
394 1022 696 1092 commoraretur,
720 1021 882 1103 precatus
900 1021 963 1076 ost.
993 1004 1060 1076 llle
1076 1028 1168 1075 vero
1184 1028 1291 1073 mun-

219 1110 327 1195 danas
343 1125 493 1196 omniuo
508 1152 610 1195 curas
630 1123 786 1195 deseruit
803 1124 818 1220 (
827 1125 876 1220 ι),
903 1140 939 1194 et
958 1122 1084 1220 plura,
1109 1147 1196 1192 cum
1212 1119 1290 1218 qui-

220 1240 371 1313 busdam
389 1241 564 1339 religiosis
581 1240 752 1314 fratribus
772 1242 889 1338 ipsum
914 1238 1016 1312 avide
1038 1235 1288 1338 sequentibus,

221 1359 299 1430 loca
314 1360 369 1455 (2)
383 1360 627 1455 perlustravit.
643 1360 817 1457 Denique,
830 1374 910 1457 post
922 1358 1043 1456 plures
1056 1356 1242 1441 circuitus,
1252 1350 1289 1424 ad

223 1474 465 1546 venerabilem
493 1476 698 1573 episcopum
732 1478 878 1547 lvouem
908 1474 1079 1561 divertit,
1114 1487 1153 1544 et
1181 1470 1290 1542 abeo

223 1591 429 1689 benigniter
453 1610 654 1690 susceptus,
676 1593 710 1664 iu
732 1592 871 1690 praedio
887 1590 1120 1663 Carnoteusis
1141 1586 1289 1660 ecelesiae

224 1708 489 1779 cumfratribus
503 1708 714 1807 quibusdam
730 1711 908 1795 constitit,
925 1724 961 1780 et
975 1710 1011 1779 iu
1029 1707 1111 1779 loco
1124 1703 1288 1784 silvestri,

225 1825 285 1921 qui
304 1824 417 1895 Tirou
435 1823 580 1914 dicitur,
601 1824 811 1897 eoeuobium
831 1827 867 1897 in
888 1825 1025 1897 bonore
1040 1824 1163 1895 Sancti
1182 1820 1290 1893 Salta-

226 1943 314 2014 toris
341 1944 555 2014 construxit.
584 1944 674 2014 llluc
702 1942 898 2017 multitudo
927 1941 1087 2014 fidelium
1114 1940 1290 2037 utriusque

225 2059 363 2131 ordinis
386 2058 527 2131 abunde
553 2060 744 2148 conlluxit,
773 2076 807 2130 et
833 2060 1025 2157 praedictus
1047 2073 1154 2157 pater
1176 2077 1291 2129 omues

224 2176 268 2248 ad
296 2177 570 2249 conversionem
604 2195 854 2275 properantes,
887 2177 1101 2250 charitativo
1130 2173 1289 2271 amplexu

226 2294 397 2389 suscepit,
415 2309 451 2364 et
466 2293 615 2392 siugulis
631 2310 738 2379 artes,
754 2320 840 2392 quas
857 2309 1046 2380 noverant,
1068 2291 1245 2390 legitimas
1259 2288 1289 2357 in

227 2412 445 2483 monasterio
463 2436 629 2483 exercere
650 2413 835 2509 praecepit.
857 2409 961 2483 Unde
986 2408 1145 2483 libenter
1167 2428 1291 2480 conve·

228 2544 360 2599 nerunt
381 2528 425 2598 ad
452 2555 535 2600 eum
565 2527 677 2617 fabri,
706 2546 778 2599 tarn
807 2529 974 2626 lignarii,
1003 2554 1113 2627 quam
1137 2521 1289 2603 ferrarii,

227 2647 424 2743 sculptores
446 2664 482 2717 et
504 2647 695 2735 airrisubri,
716 2648 871 2744 pictores
890 2662 925 2719 et
943 2644 1187 2734 crementarii,
1205 2641 1292 2713 vini·

229 2776 324 2833 tores
348 2779 383 2833 et
406 2763 594 2861 agricolae,
623 2764 896 2858 multorumque
921 2763 1123 2834 officiorum
1151 2758 1293 2832 artifice

228 2878 447 2974 peritissimi.
468 2878 640 2963 Sollicite,
662 2879 758 2979 quod
776 2880 824 2952 eis
837 2880 946 2978 jussio
964 2876 1118 2950 senioris
1133 2878 1293 2976 injunge·

228 2992 308 3078 bat,
332 2995 590 3093 operabantur,
615 3013 650 3068 et
671 3022 901 3069 communem
920 2993 1158 3069 conserebant
1174 2991 1217 3065 ad
1234 2990 1293 3063 nti-

114 3164 116 3169 ·
228 3111 380 3199 litatem,
398 3140 479 3212 quae
499 3113 746 3186 lucrabantur.
765 3115 823 3186 Sic
840 3140 941 3213 ergo,
964 3110 1025 3185 ubi
1042 3111 1156 3210 paulo
1168 3126 1250 3183 ante
1263 3108 1293 3177 in

229 3228 397 3302 horribili
413 3231 503 3302 saltu
519 3232 712 3303 latrunculi
727 3231 892 3304 solebant
910 3232 1070 3317 latitare,
1090 3246 1128 3302 et
1147 3230 1295 3301 incautos

228 3347 381 3419 viatores
401 3349 592 3444 repentino
616 3349 761 3420 incursu
784 3346 982 3431 trucidare,
1002 3343 1198 3445 adjuvante
1214 3343 1293 3427 Deo,

232 3558 431 3568 *-

266 3659 275 3730 (
282 3661 304 3727 ι)
320 3660 356 3713 Le
370 3679 439 3731 pape
453 3660 492 3713 lui
506 3672 587 3732 ayant
601 3660 759 3715 finalcment
771 3660 864 3716 donne
876 3662 982 3727 raison,
997 3658 1162 3713 ilretouma
1175 3656 1242 3711 dam
1252 3670 1296 3708 m

230 3745 333 3818 abbaye
346 3747 381 3801 de
394 3750 619 3822 Soita-Cypriam

266 3836 303 3903 la)
317 3836 408 3888 Parnii
428 3856 471 3890 ccs
488 3837 574 3903 licus,
595 3849 675 3891 notre
693 3849 793 3892 auteur
807 3839 896 3892 anrait
911 3856 948 3910 pu
964 3838 1035 3891 citer
1048 3835 1104 3891 t’tle
1118 3834 1156 3891 de
1170 3830 1294 3894 Clnssffis

231 3925 294 3995 pris
308 3925 465 3987 Granville,
482 3928 549 4000 qu'il
562 3930 631 3981 avait
647 3928 708 3999 ddja
724 3930 833 3983 baltilde
845 3939 925 3984 avant
937 3929 1026 3984 d'etre
1038 3926 1116 3983 eleve'
1128 3930 1145 3981 'a
1159 3922 1296 3997 ladiguite'

229 4010 381 4079 abbatiale;
398 4014 460 4086 puis
473 4014 512 4067 les
524 4017 652 4069 environs
665 4016 700 4069 dc
713 4018 866 4088 Fougcres,
882 4014 946 4089 puis
956 4015 1083 4071 Arcisses
1098 4016 1165 4089 pres
1181 4012 1295 4085 Nogent·

231 4099 396 4169 le·llotrou;
418 4103 481 4176 puis
502 4106 576 4159 enfin
597 4106 616 4158 il
637 4106 789 4160 s'ctablita
813 4108 917 4173 Tiron,
941 4123 1091 4162 commune
1111 4104 1149 4161 de
1167 4102 1293 4165 Gamlais,

228 4188 344 4245 d‘aliord
359 4192 427 4247 dans
442 4212 480 4248 un
496 4196 617 4267 premier
630 4195 699 4251 local
712 4216 747 4251 en
767 4214 843 4271 1107,
861 4198 924 4271 puis
937 4195 1160 4252 de'finititwent
1170 4212 1206 4249 en
1222 4208 1284 4247 ιιιο
