3046 5244
44 449 248 547 [mercor]
420 459 536 524 arsen
557 461 760 524 surtinus.
1066 464 1125 524 rss

108 592 916 702 IgiturRainaldus,comesvetulusSenonum,
928 591 1125 691 postmulta

47 714 153 786 mla
180 725 383 812 perpetrata
399 709 585 784 defunctus
601 725 671 797 est,
694 724 731 782 et
747 708 904 807 sepultus
922 709 958 780 in
984 705 1126 781 basilica

52 820 199 903 Sancte
223 826 412 903 Columbae
440 828 602 927 virginis.
622 826 688 899 Cui
715 826 879 899 sucoessit
900 822 1128 899 Fromundus

58 936 153 1020 lilius
166 948 258 1047 ejus,
277 943 411 1019 habens
425 947 461 1018 in
478 944 647 1046 conjugio
659 943 770 1017 liliam
787 943 970 1032 liainaldi,
986 938 1128 1017 comitis

35 1063 40 1075 '
63 1056 257 1138 Remorum
276 1065 291 1160 (
316 1064 345 1160 ).

111 1180 220 1255 Auno
235 1180 381 1253 Domini
397 1191 453 1270 ι’,
470 1177 668 1253 indictione
683 1158 780 1265 x11i0,
797 1190 875 1252 xvi·
888 1177 961 1251 kat.
980 1200 1129 1251 norem·

75 1289 147 1383 bris,
168 1292 365 1369 transiitad
377 1292 560 1366 Christum
578 1293 792 1368 venerabilis
807 1293 982 1394 seguinus
997 1306 1130 1365 metro

76 1415 242 1510 politanus
263 1414 462 1511 episcopus.
480 1410 566 1486 Post
587 1414 777 1486 transitum
792 1437 881 1485 vero
899 1410 1012 1502 illius,
1031 1409 1130 1483 stetit

75 1532 204 1605 uclesia
220 1530 398 1604 senonica
413 1529 490 1603 sine
501 1528 753 1610 bencdictione
764 1529 971 1604 sacerdotali
985 1551 1083 1602 anno
1100 1553 1127 1600 r.

73 1646 294 1722 inclamabat
317 1662 436 1720 autem
449 1650 569 1722 omnis
583 1650 738 1748 populus
752 1648 819 1721 sibi
837 1646 999 1722 ordinari
1021 1645 1129 1722 dom-
1206 1656 1235 1681 ’“

73 1790 147 1838 uum
160 1765 430 1854 Leothericum,
443 1763 675 1839 nobilissimis
687 1780 807 1840 ortum
825 1764 1022 1853 natalibus,
1041 1779 1129 1837 tunc

70 1881 368 1974 archidiaconum,
386 1884 486 1955 omni
504 1883 666 1957 bonitate
683 1886 929 1984 conspicuum.
945 1881 1014 1957 Sed
1028 1883 1129 1955 resis-

70 1997 183 2071 tebant
217 1998 474 2098 quamplurimi
499 1999 643 2088 clerici,
679 2002 861 2099 cupientes
891 1998 1129 2098 episcopalem

69 2114 301 2190 conscendere
318 2115 483 2216 gradum.
507 2118 692 2216 Praecipue
709 2118 795 2191 vero
811 2113 1056 2191 frotmundus
1072 2140 1130 2187 co-

68 2256 152 2323 mes,
173 2234 267 2307 lilius
281 2233 450 2307 Ruinardi
468 2235 597 2323 vetuli,
613 2251 717 2307 natus
735 2260 778 2308 ex
796 2234 887 2306 mala
903 2231 1040 2320 radice,
1060 2230 1129 2343 hup

69 2377 136 2426 nun
155 2351 390 2451 permittebat
406 2352 503 2442 lieri,
525 2376 569 2426 eo
592 2349 689 2452 quod
712 2351 864 2426 haberet·
879 2349 993 2423 tilium
1019 2348 1130 2422 cleri·

70 2494 144 2543 mm
162 2471 312 2543 nominc
335 2471 567 2564 Brunonem‚
583 2469 710 2543 volens
732 2469 778 2542 de
798 2494 842 2544 eo
857 2471 973 2542 facere
989 2467 1130 2566 episco-

71 2612 162 2685 pum.
177 2589 243 2661 Dei
264 2603 383 2661 autem
407 2604 499 2661 nutu
515 2589 722 2689 congregati
744 2586 957 2688 suffraganei
975 2583 1131 2685 episcopi

72 2703 251 2778 Senonicae
265 2704 440 2793 ccclesiae,
457 2730 539 2777 cum
556 2706 740 2779 voluntate
757 2721 794 2780 et
810 2705 1022 2779 auctoritate
1039 2724 1131 2801 apo—

75 2821 199 2910 stolica,
215 2821 356 2896 sublato
368 2823 468 2895 omni
486 2823 616 2896 timore
628 2821 800 2912 humano,
818 2821 1029 2897 solemniter
1040 2814 1132 2892 ordi-

78 2956 242 3012 uraverunt
255 2938 429 3012 domnum
447 2939 698 3014 Leothericum
715 2942 750 3013 in
764 2939 845 3014 sede
858 2937 1075 3039 pontificali,
1090 2951 1130 3006 ut

79 3072 228 3148 praeesset
245 3057 402 3128 ecclesiae
420 3057 617 3131 senonensi
637 3063 651 3155 (
676 3062 701 3152 ).

86 3345 174 3415 delun,
192 3372 241 3424 par
260 3354 284 3406 la
296 3353 422 3408 trahison
436 3353 471 3408 dc
482 3354 610 3421 Cautier,
625 3371 799 3426 gouvcrneur
811 3355 846 3409 de
860 3355 884 3409 la
899 3355 991 3428 place,
1010 3354 1087 3410 etde
1102 3373 1130 3409 ss

84 3435 162 3496 lemme
173 3444 239 3517 qn'il
253 3446 325 3498 arsit
338 3461 502 3516 corrompus
512 3446 527 3498 t
539 3443 600 3517 prix
612 3443 755 3517 d'argent,
766 3454 794 3499 ct
807 3446 855 3519 qni
868 3444 963 3500 starent
974 3444 1081 3519 pandus
1093 3463 1128 3500 en

86 3532 190 3589 nainon
203 3533 238 3588 de
249 3534 309 3588 leur
321 3534 417 3588 crime.

109 3619 117 3683 l
122 3624 139 3688 ¹)
150 3621 262 3678 lleuaud
277 3642 314 3677 nu
331 3622 450 3680 lleinard
464 3624 508 3690 1”,
520 3634 611 3679 comte
627 3623 662 3679 de
674 3623 759 3692 sens,
773 3622 902 3690 meatus,
913 3641 948 3680 eu
958 3625 1022 3699 951,
1032 3627 1049 3679 is
1060 3624 1129 3680 Fru-

87 3708 148 3761 nond
161 3712 202 3779 1⁰,
217 3730 265 3767 son
280 3715 360 3785 pem,
376 3723 489 3766 mourut
503 3730 538 3766 en
550 3711 619 3786 996,
629 3722 657 3767 et
670 3712 714 3768 lut
726 3715 861 3768 enterre'd
874 3710 1129 3777 sainte-colomba,

87 3804 168 3853 mune
186 3801 210 3856 lc
231 3802 273 3856 dit
293 3812 373 3855 notre
393 3811 505 3869 auteur,
526 3801 638 3857 laissaut
658 3802 684 3857 lc
695 3805 787 3857 comte
800 3800 835 3857 de
846 3802 914 3859 Sena
927 3806 941 3858 t
954 3819 1004 3857 sou
1017 3801 1058 3857 fils
1070 3803 1132 3856 alno

88 3876 213 3960 Fumant,
229 3893 375 3948 deuxiime
388 3892 426 3946 dn
440 3912 521 3959 nom,
537 3894 585 3967 qui
598 3896 700 3966 c‘ponsa
713 3894 842 3950 Gilbertc
856 3912 892 3949 ou
905 3893 1061 3966 Gerberge,
1073 3891 1127 3946 fille

85 3966 111 4023 ἆ(
121 3974 223 4038 lleuand
235 3983 270 4038 de
287 3983 391 4047 Romi,
403 3994 494 4038 comte
505 3983 541 4038 de
555 3982 657 4039 Reims.

112 4074 137 4134 't'
156 4074 232 4130 savin
250 4085 365 4129 mourut
378 4074 403 4128 le
420 4092 451 4148 ¹7
462 4073 575 4130 octobre
588 4093 651 4149 999.
667 4076 781 4131 Brunon
791 4119 798 4142 ,
810 4076 995 4147 competitcnr
1008 4070 1042 4125 de
1059 4071 1125 4125 Leo·

86 4148 167 4227 ltus,
186 4168 251 4220 ituit
272 4165 297 4217 lc
317 4166 458 4219 troisiimr
478 4165 519 4218 fils
534 4164 569 4219 dc
584 4165 725 4220 Fromoud
743 4167 779 4220 ll.
800 4165 823 4221 ll
838 4154 1001 4220 lallut‘rlcux
1015 4178 1130 4233 royagcs

87 4235 252 4309 l‘ls'olhcric
266 4260 281 4310 'a
297 4255 398 4313 Roma,
415 4267 441 4309 rt
455 4254 502 4310 dcs
516 4256 611 4309 ordrrs
626 4258 714 4327 priuis
728 4257 761 4311 dr
777 4256 905 4311 Silvestre
919 4255 945 4308 ll
959 4257 1019 4319 (son
1033 4252 1132 4306 ancien
