<?xml version="1.0" encoding="UTF-8"?>
<!DOCTYPE html PUBLIC "-//W3C//DTD XHTML 1.0 Transitional//EN"
    "http://www.w3.org/TR/xhtml1/DTD/xhtml1-transitional.dtd">
<html xmlns="http://www.w3.org/1999/xhtml" xml:lang="en" lang="en">
 <head>
  <title>
</title>
<meta http-equiv="Content-Type" content="text/html;charset=utf-8" />
  <meta name='ocr-system' content='tesseract 3.04.00' />
  <meta name='ocr-capabilities' content='ocr_page ocr_carea ocr_par ocr_line ocrx_word'/>
</head>
<body>
  <div class='ocr_page' id='page_1' title='image "./ordericivitalis00deligoog_0362.png"; bbox 0 0 3046 5244; ppageno 0'>
   <div class='ocr_carea' id='block_1_1' title="bbox 60 420 1141 509">
    <p class='ocr_par' dir='ltr' id='par_1_1' title="bbox 60 420 1141 509">
     <span class='ocr_line' id='line_1_1' title="bbox 60 420 1141 509; baseline -0.006 -18"><span class='ocrx_word' id='word_1_1' title='bbox 60 428 170 509; x_wconf 79' lang='lat' dir='ltr'>[soso]</span> <span class='ocrx_word' id='word_1_2' title='bbox 435 420 766 485; x_wconf 80' lang='lat' dir='ltr'>ninnnocrsvus.</span> <span class='ocrx_word' id='word_1_3' title='bbox 1077 420 1141 485; x_wconf 69' lang='lat' dir='ltr'>ssa</span> 
     </span>
    </p>
   </div>
   <div class='ocr_carea' id='block_1_2' title="bbox 58 550 1202 2648">
    <p class='ocr_par' dir='ltr' id='par_1_2' title="bbox 58 550 1202 2385">
     <span class='ocr_line' id='line_1_2' title="bbox 58 550 1142 656; baseline -0.002 -24"><span class='ocrx_word' id='word_1_4' title='bbox 58 559 130 633; x_wconf 84' lang='lat' dir='ltr'>mis</span> <span class='ocrx_word' id='word_1_5' title='bbox 155 557 228 630; x_wconf 89' lang='lat' dir='ltr'>suis</span> <span class='ocrx_word' id='word_1_6' title='bbox 260 554 460 629; x_wconf 77' lang='lat' dir='ltr'>eoncheios</span> <span class='ocrx_word' id='word_1_7' title='bbox 490 552 767 656; x_wconf 75' lang='lat' dir='ltr'>impugnabant.</span> <span class='ocrx_word' id='word_1_8' title='bbox 801 552 858 629; x_wconf 88' lang='lat' dir='ltr'>lbi</span> <span class='ocrx_word' id='word_1_9' title='bbox 893 550 1069 629; x_wconf 82' lang='lat' dir='ltr'>Ricardns</span> <span class='ocrx_word' id='word_1_10' title='bbox 1095 554 1142 631; x_wconf 89' lang='lat' dir='ltr'>de</span> 
     </span>
     <span class='ocr_line' id='line_1_3' title="bbox 59 669 1144 759; baseline -0.005 -9"><span class='ocrx_word' id='word_1_11' title='bbox 59 672 297 759; x_wconf 79' lang='lat' dir='ltr'>Montesorti,</span> <span class='ocrx_word' id='word_1_12' title='bbox 316 669 404 744; x_wconf 89' lang='lat' dir='ltr'>dum</span> <span class='ocrx_word' id='word_1_13' title='bbox 421 669 666 747; x_wconf 73' lang='lat' dir='ltr'><strong>coenobialem</strong></span> <span class='ocrx_word' id='word_1_14' title='bbox 680 672 820 745; x_wconf 82' lang='lat' dir='ltr'>curiam</span> <span class='ocrx_word' id='word_1_15' title='bbox 832 671 933 745; x_wconf 83' lang='lat' dir='ltr'>Beati</span> <span class='ocrx_word' id='word_1_16' title='bbox 947 670 1046 745; x_wconf 87' lang='lat' dir='ltr'>Petri</span> <span class='ocrx_word' id='word_1_17' title='bbox 1063 669 1144 745; x_wconf 83' lang='lat' dir='ltr'>Cas·</span> 
     </span>
     <span class='ocr_line' id='line_1_4' title="bbox 58 786 1142 890; baseline -0.003 -22"><span class='ocrx_word' id='word_1_18' title='bbox 58 792 292 890; x_wconf 82' lang='lat' dir='ltr'>tellionis(1)</span> <span class='ocrx_word' id='word_1_19' title='bbox 310 788 517 878; x_wconf 81' lang='lat' dir='ltr'>invaderet,</span> <span class='ocrx_word' id='word_1_20' title='bbox 536 814 605 864; x_wconf 85' lang='lat' dir='ltr'>nse</span> <span class='ocrx_word' id='word_1_21' title='bbox 623 815 693 889; x_wconf 94' lang='lat' dir='ltr'>pro</span> <span class='ocrx_word' id='word_1_22' title='bbox 714 789 918 864; x_wconf 81' lang='lat' dir='ltr'>reverentia</span> <span class='ocrx_word' id='word_1_23' title='bbox 936 786 1142 865; x_wconf 82' lang='lat' dir='ltr'>monsebo·</span> 
     </span>
     <span class='ocr_line' id='line_1_5' title="bbox 58 905 1143 1010; baseline -0.004 -25"><span class='ocrx_word' id='word_1_24' title='bbox 58 936 164 999; x_wconf 88' lang='lat' dir='ltr'>rum,</span> <span class='ocrx_word' id='word_1_25' title='bbox 181 908 245 1010; x_wconf 89' lang='lat' dir='ltr'>qui</span> <span class='ocrx_word' id='word_1_26' title='bbox 262 933 347 981; x_wconf 89' lang='lat' dir='ltr'>cum</span> <span class='ocrx_word' id='word_1_27' title='bbox 372 905 518 981; x_wconf 86' lang='lat' dir='ltr'>fletibus</span> <span class='ocrx_word' id='word_1_28' title='bbox 546 907 783 982; x_wconf 78' lang='lat' dir='ltr'>vociferantes</span> <span class='ocrx_word' id='word_1_29' title='bbox 801 907 1001 982; x_wconf 86' lang='lat' dir='ltr'>Dominum</span> <span class='ocrx_word' id='word_1_30' title='bbox 1027 907 1143 981; x_wconf 85' lang='lat' dir='ltr'>iuter·</span> 
     </span>
     <span class='ocr_line' id='line_1_6' title="bbox 58 1021 1143 1129; baseline -0.001 -29"><span class='ocrx_word' id='word_1_31' title='bbox 58 1025 264 1129; x_wconf 83' lang='lat' dir='ltr'>pellabant,</span> <span class='ocrx_word' id='word_1_32' title='bbox 279 1022 326 1097; x_wconf 87' lang='lat' dir='ltr'>ab</span> <span class='ocrx_word' id='word_1_33' title='bbox 353 1024 523 1123; x_wconf 84' lang='lat' dir='ltr'>incoeptis</span> <span class='ocrx_word' id='word_1_34' title='bbox 538 1021 744 1112; x_wconf 76' lang='lat' dir='ltr'>desisteret,</span> <span class='ocrx_word' id='word_1_35' title='bbox 760 1022 883 1099; x_wconf 82' lang='lat' dir='ltr'>hostili</span> <span class='ocrx_word' id='word_1_36' title='bbox 900 1022 975 1098; x_wconf 79' lang='lat' dir='ltr'>telo</span> <span class='ocrx_word' id='word_1_37' title='bbox 990 1040 1143 1124; x_wconf 85' lang='lat' dir='ltr'>repente</span> 
     </span>
     <span class='ocr_line' id='line_1_7' title="bbox 58 1139 1170 1245; baseline -0.001 -29"><span class='ocrx_word' id='word_1_38' title='bbox 58 1168 246 1245; x_wconf 79' lang='lat' dir='ltr'>pemussus</span> <span class='ocrx_word' id='word_1_39' title='bbox 257 1157 328 1228; x_wconf 85' lang='lat' dir='ltr'>est,</span> <span class='ocrx_word' id='word_1_40' title='bbox 345 1142 495 1242; x_wconf 81' lang='lat' dir='ltr'>ipsoque</span> <span class='ocrx_word' id='word_1_41' title='bbox 504 1139 829 1216; x_wconf 85' lang='lat' dir='ltr'>dieeummaximo</span> <span class='ocrx_word' id='word_1_42' title='bbox 841 1140 942 1215; x_wconf 85' lang='lat' dir='ltr'>lueto</span> <span class='ocrx_word' id='word_1_43' title='bbox 951 1140 1141 1241; x_wconf 87' lang='lat' dir='ltr'>utriusque</span> <span class='ocrx_word' id='word_1_44' title='bbox 1164 1148 1170 1157; x_wconf 83' lang='lat'>&#39;</span> 
     </span>
     <span class='ocr_line' id='line_1_8' title="bbox 58 1258 1142 1361; baseline -0.001 -27"><span class='ocrx_word' id='word_1_45' title='bbox 58 1261 174 1361; x_wconf 79' lang='lat' dir='ltr'>partis</span> <span class='ocrx_word' id='word_1_46' title='bbox 198 1275 364 1334; x_wconf 87' lang='lat' dir='ltr'>mortuus</span> <span class='ocrx_word' id='word_1_47' title='bbox 386 1275 454 1333; x_wconf 88' lang='lat' dir='ltr'>est.</span> <span class='ocrx_word' id='word_1_48' title='bbox 472 1258 677 1333; x_wconf 77' lang='lat' dir='ltr'>Germsnm</span> <span class='ocrx_word' id='word_1_49' title='bbox 703 1258 804 1333; x_wconf 91' lang='lat' dir='ltr'>enim</span> <span class='ocrx_word' id='word_1_50' title='bbox 829 1260 943 1332; x_wconf 80' lang='lat' dir='ltr'>frater</span> <span class='ocrx_word' id='word_1_51' title='bbox 965 1273 1045 1332; x_wconf 79' lang='lat' dir='ltr'>erut</span> <span class='ocrx_word' id='word_1_52' title='bbox 1069 1259 1142 1333; x_wconf 85' lang='lat' dir='ltr'>lsa-</span> 
     </span>
     <span class='ocr_line' id='line_1_9' title="bbox 58 1374 1142 1477; baseline 0 -25"><span class='ocrx_word' id='word_1_53' title='bbox 58 1374 120 1452; x_wconf 86' lang='lat' dir='ltr'>bsl</span> <span class='ocrx_word' id='word_1_54' title='bbox 138 1379 215 1476; x_wconf 82' lang='lat' dir='ltr'>(a),</span> <span class='ocrx_word' id='word_1_55' title='bbox 242 1392 279 1452; x_wconf 88' lang='lat' dir='ltr'>et</span> <span class='ocrx_word' id='word_1_56' title='bbox 301 1401 347 1451; x_wconf 85' lang='lat' dir='ltr'>ex</span> <span class='ocrx_word' id='word_1_57' title='bbox 370 1401 497 1453; x_wconf 86' lang='lat' dir='ltr'>sorore</span> <span class='ocrx_word' id='word_1_58' title='bbox 516 1401 629 1477; x_wconf 87' lang='lat' dir='ltr'>nepos</span> <span class='ocrx_word' id='word_1_59' title='bbox 645 1375 832 1451; x_wconf 79' lang='lat' dir='ltr'>Guittetmi</span> <span class='ocrx_word' id='word_1_60' title='bbox 849 1374 1006 1451; x_wconf 83' lang='lat' dir='ltr'>eomitis.</span> <span class='ocrx_word' id='word_1_61' title='bbox 1034 1374 1142 1451; x_wconf 85' lang='lat' dir='ltr'>Unde</span> 
     </span>
     <span class='ocr_line' id='line_1_10' title="bbox 59 1491 1143 1595; baseline -0.003 -25"><span class='ocrx_word' id='word_1_62' title='bbox 59 1492 327 1570; x_wconf 73' lang='lat' dir='ltr'>formidabilem</span> <span class='ocrx_word' id='word_1_63' title='bbox 347 1494 568 1569; x_wconf 81' lang='lat' dir='ltr'>marchisum</span> <span class='ocrx_word' id='word_1_64' title='bbox 583 1509 738 1595; x_wconf 72' lang='lat' dir='ltr'>nmque</span> <span class='ocrx_word' id='word_1_65' title='bbox 755 1518 841 1594; x_wconf 85' lang='lat' dir='ltr'>pars</span> <span class='ocrx_word' id='word_1_66' title='bbox 859 1492 974 1584; x_wconf 69' lang='lat' dir='ltr'>luxit,</span> <span class='ocrx_word' id='word_1_67' title='bbox 990 1491 1055 1595; x_wconf 83' lang='lat' dir='ltr'>qui</span> <span class='ocrx_word' id='word_1_68' title='bbox 1071 1519 1143 1594; x_wconf 90' lang='lat' dir='ltr'>pro</span> 
     </span>
     <span class='ocr_line' id='line_1_11' title="bbox 60 1611 1141 1713; baseline 0 -27"><span class='ocrx_word' id='word_1_69' title='bbox 60 1612 177 1686; x_wconf 88' lang='lat' dir='ltr'>nimio</span> <span class='ocrx_word' id='word_1_70' title='bbox 197 1628 341 1687; x_wconf 88' lang='lat' dir='ltr'>tumore</span> <span class='ocrx_word' id='word_1_71' title='bbox 360 1628 398 1687; x_wconf 88' lang='lat' dir='ltr'>et</span> <span class='ocrx_word' id='word_1_72' title='bbox 413 1613 651 1713; x_wconf 80' lang='lat' dir='ltr'>procacitate,</span> <span class='ocrx_word' id='word_1_73' title='bbox 669 1611 907 1712; x_wconf 73' lang='lat' dir='ltr'>pertinaciter</span> <span class='ocrx_word' id='word_1_74' title='bbox 926 1611 1066 1686; x_wconf 84' lang='lat' dir='ltr'>mulum</span> <span class='ocrx_word' id='word_1_75' title='bbox 1083 1612 1141 1686; x_wconf 79' lang='lat' dir='ltr'>fa·</span> 
     </span>
     <span class='ocr_line' id='line_1_12' title="bbox 60 1706 1202 1828; baseline 0 -25"><span class='ocrx_word' id='word_1_76' title='bbox 60 1728 172 1817; x_wconf 81' lang='lat' dir='ltr'>ciens,</span> <span class='ocrx_word' id='word_1_77' title='bbox 187 1729 338 1803; x_wconf 86' lang='lat' dir='ltr'>interiit.</span> <span class='ocrx_word' id='word_1_78' title='bbox 351 1727 512 1802; x_wconf 83' lang='lat' dir='ltr'>Cadaver</span> <span class='ocrx_word' id='word_1_79' title='bbox 521 1743 644 1802; x_wconf 88' lang='lat' dir='ltr'>autem</span> <span class='ocrx_word' id='word_1_80' title='bbox 655 1724 819 1828; x_wconf 80' lang='lat' dir='ltr'>praedieti</span> <span class='ocrx_word' id='word_1_81' title='bbox 829 1727 956 1801; x_wconf 84' lang='lat' dir='ltr'>militis</span> <span class='ocrx_word' id='word_1_82' title='bbox 965 1724 1010 1801; x_wconf 90' lang='lat' dir='ltr'>ad</span> <span class='ocrx_word' id='word_1_83' title='bbox 1022 1706 1143 1803; x_wconf 70' lang='lat' dir='ltr'>nanis</span> <span class='ocrx_word' id='word_1_84' title='bbox 1198 1714 1202 1723; x_wconf 45' lang='lat'>⁵</span> 
     </span>
     <span class='ocr_line' id='line_1_13' title="bbox 60 1843 1143 1944; baseline -0.003 -24"><span class='ocrx_word' id='word_1_85' title='bbox 60 1845 180 1920; x_wconf 87' lang='lat' dir='ltr'>solum</span> <span class='ocrx_word' id='word_1_86' title='bbox 196 1872 215 1918; x_wconf 92' lang='lat' dir='ltr'>a</span> <span class='ocrx_word' id='word_1_87' title='bbox 232 1846 304 1919; x_wconf 90' lang='lat' dir='ltr'>suis</span> <span class='ocrx_word' id='word_1_88' title='bbox 322 1845 537 1920; x_wconf 85' lang='lat' dir='ltr'>translatum</span> <span class='ocrx_word' id='word_1_89' title='bbox 549 1860 625 1933; x_wconf 89' lang='lat' dir='ltr'>est,</span> <span class='ocrx_word' id='word_1_90' title='bbox 645 1860 683 1919; x_wconf 92' lang='lat' dir='ltr'>et</span> <span class='ocrx_word' id='word_1_91' title='bbox 699 1843 902 1944; x_wconf 81' lang='lat' dir='ltr'>Asparlone</span> <span class='ocrx_word' id='word_1_92' title='bbox 915 1845 972 1943; x_wconf 76' lang='lat'>(3)</span> <span class='ocrx_word' id='word_1_93' title='bbox 990 1845 1027 1917; x_wconf 90' lang='lat' dir='ltr'>in</span> <span class='ocrx_word' id='word_1_94' title='bbox 1041 1843 1143 1918; x_wconf 89' lang='lat' dir='ltr'>eimi-</span> 
     </span>
     <span class='ocr_line' id='line_1_14' title="bbox 62 1959 1142 2063; baseline 0 -28"><span class='ocrx_word' id='word_1_95' title='bbox 62 1963 158 2036; x_wconf 83' lang='lat' dir='ltr'>terio</span> <span class='ocrx_word' id='word_1_96' title='bbox 173 1963 286 2036; x_wconf 85' lang='lat' dir='ltr'>saneti</span> <span class='ocrx_word' id='word_1_97' title='bbox 307 1962 460 2038; x_wconf 86' lang='lat' dir='ltr'>Thomae</span> <span class='ocrx_word' id='word_1_98' title='bbox 477 1963 631 2063; x_wconf 85' lang='lat' dir='ltr'>apostoli</span> <span class='ocrx_word' id='word_1_99' title='bbox 648 1962 831 2063; x_wconf 87' lang='lat' dir='ltr'>sepultum</span> <span class='ocrx_word' id='word_1_100' title='bbox 847 1978 914 2036; x_wconf 87' lang='lat' dir='ltr'>est.</span> <span class='ocrx_word' id='word_1_101' title='bbox 933 1959 988 2036; x_wconf 87' lang='lat' dir='ltr'>lbi</span> <span class='ocrx_word' id='word_1_102' title='bbox 1010 1985 1142 2061; x_wconf 85' lang='lat' dir='ltr'>nempe</span> 
     </span>
     <span class='ocr_line' id='line_1_15' title="bbox 61 2075 1139 2180; baseline -0.002 -28"><span class='ocrx_word' id='word_1_103' title='bbox 61 2078 428 2178; x_wconf 68' lang='lat' dir='ltr'>majorismonasterii</span> <span class='ocrx_word' id='word_1_104' title='bbox 438 2075 796 2180; x_wconf 81' lang='lat' dir='ltr'>regularesmonscbi</span> <span class='ocrx_word' id='word_1_105' title='bbox 808 2077 1057 2153; x_wconf 79' lang='lat' dir='ltr'>Deoserviunt</span> <span class='ocrx_word' id='word_1_106' title='bbox 1068 2077 1139 2175; x_wconf 76' lang='lat'>(4),</span> 
     </span>
     <span class='ocr_line' id='line_1_16' title="bbox 61 2192 1143 2297; baseline -0.004 -28"><span class='ocrx_word' id='word_1_107' title='bbox 61 2192 187 2297; x_wconf 83' lang='lat' dir='ltr'>ibique</span> <span class='ocrx_word' id='word_1_108' title='bbox 199 2196 321 2269; x_wconf 86' lang='lat' dir='ltr'>senior</span> <span class='ocrx_word' id='word_1_109' title='bbox 336 2195 477 2286; x_wconf 88' lang='lat' dir='ltr'>Simon,</span> <span class='ocrx_word' id='word_1_110' title='bbox 491 2194 665 2268; x_wconf 82' lang='lat' dir='ltr'>Amalriei</span> <span class='ocrx_word' id='word_1_111' title='bbox 679 2193 795 2284; x_wconf 84' lang='lat' dir='ltr'>filius,</span> <span class='ocrx_word' id='word_1_112' title='bbox 809 2209 847 2268; x_wconf 86' lang='lat' dir='ltr'>et</span> <span class='ocrx_word' id='word_1_113' title='bbox 857 2192 922 2269; x_wconf 83' lang='lat' dir='ltr'>filii</span> <span class='ocrx_word' id='word_1_114' title='bbox 935 2194 1011 2294; x_wconf 89' lang='lat' dir='ltr'>ejus</span> <span class='ocrx_word' id='word_1_115' title='bbox 1024 2209 1143 2266; x_wconf 85' lang='lat' dir='ltr'>tumu-</span> 
     </span>
     <span class='ocr_line' id='line_1_17' title="bbox 61 2310 241 2385; baseline -0.011 0"><span class='ocrx_word' id='word_1_116' title='bbox 61 2310 125 2385; x_wconf 79' lang='lat' dir='ltr'>lati</span> <span class='ocrx_word' id='word_1_117' title='bbox 143 2329 241 2385; x_wconf 84' lang='lat' dir='ltr'>sunt.</span> 
     </span>
    </p>

    <p class='ocr_par' dir='ltr' id='par_1_3' title="bbox 61 2426 1141 2648">
     <span class='ocr_line' id='line_1_18' title="bbox 110 2426 1138 2529; baseline -0.001 -27"><span class='ocrx_word' id='word_1_118' title='bbox 110 2428 195 2503; x_wconf 84' lang='lat' dir='ltr'>Non</span> <span class='ocrx_word' id='word_1_119' title='bbox 208 2428 326 2503; x_wconf 84' lang='lat' dir='ltr'>multo</span> <span class='ocrx_word' id='word_1_120' title='bbox 339 2444 420 2529; x_wconf 82' lang='lat' dir='ltr'>post</span> <span class='ocrx_word' id='word_1_121' title='bbox 433 2426 672 2505; x_wconf 86' lang='lat' dir='ltr'>Ebroieenses</span> <span class='ocrx_word' id='word_1_122' title='bbox 683 2427 805 2503; x_wconf 57' lang='lat' dir='ltr'>denuo</span> <span class='ocrx_word' id='word_1_123' title='bbox 817 2427 1026 2529; x_wconf 79' lang='lat' dir='ltr'>conglobati</span> <span class='ocrx_word' id='word_1_124' title='bbox 1039 2445 1138 2517; x_wconf 89' lang='lat' dir='ltr'>sunt,</span> 
     </span>
     <span class='ocr_line' id='line_1_19' title="bbox 61 2544 1141 2648; baseline 0 -27"><span class='ocrx_word' id='word_1_125' title='bbox 61 2561 99 2621; x_wconf 86' lang='lat' dir='ltr'>et</span> <span class='ocrx_word' id='word_1_126' title='bbox 112 2544 282 2621; x_wconf 84' lang='lat' dir='ltr'>dolorem</span> <span class='ocrx_word' id='word_1_127' title='bbox 298 2574 403 2622; x_wconf 89' lang='lat' dir='ltr'>suum</span> <span class='ocrx_word' id='word_1_128' title='bbox 420 2546 543 2623; x_wconf 86' lang='lat' dir='ltr'>ulcisci</span> <span class='ocrx_word' id='word_1_129' title='bbox 569 2549 774 2648; x_wconf 87' lang='lat' dir='ltr'>cupientes,</span> <span class='ocrx_word' id='word_1_130' title='bbox 791 2546 1004 2623; x_wconf 85' lang='lat' dir='ltr'>Conebense</span> <span class='ocrx_word' id='word_1_131' title='bbox 1025 2546 1141 2621; x_wconf 87' lang='lat' dir='ltr'>terri-</span> 
     </span>
    </p>
   </div>
   <div class='ocr_carea' id='block_1_3' title="bbox 62 2663 1261 2768">
    <p class='ocr_par' dir='ltr' id='par_1_4' title="bbox 62 2663 1261 2768">
     <span class='ocr_line' id='line_1_20' title="bbox 62 2663 1261 2768; baseline 0 -29"><span class='ocrx_word' id='word_1_132' title='bbox 62 2665 199 2739; x_wconf 82' lang='lat' dir='ltr'>torium</span> <span class='ocrx_word' id='word_1_133' title='bbox 212 2663 413 2765; x_wconf 75' lang='lat' dir='ltr'>depraedari</span> <span class='ocrx_word' id='word_1_134' title='bbox 432 2667 587 2768; x_wconf 73' lang='lat' dir='ltr'>aggressi</span> <span class='ocrx_word' id='word_1_135' title='bbox 600 2683 698 2741; x_wconf 85' lang='lat' dir='ltr'>sunt.</span> <span class='ocrx_word' id='word_1_136' title='bbox 716 2667 822 2741; x_wconf 79' lang='lat' dir='ltr'>Tunc</span> <span class='ocrx_word' id='word_1_137' title='bbox 833 2664 1006 2741; x_wconf 75' lang='lat' dir='ltr'>liedulfus</span> <span class='ocrx_word' id='word_1_138' title='bbox 1017 2690 1143 2766; x_wconf 73' lang='lat' dir='ltr'>pervu-</span> <span class='ocrx_word' id='word_1_139' title='bbox 1257 2738 1261 2749; x_wconf 85' lang='grc'><strong>,</strong></span> 
     </span>
    </p>
   </div>
   <div class='ocr_carea' id='block_1_4' title="bbox 62 2778 1145 3589">
    <p class='ocr_par' dir='ltr' id='par_1_5' title="bbox 62 2778 1145 3589">
     <span class='ocr_line' id='line_1_21' title="bbox 63 2778 1143 2887; baseline 0.003 -34"><span class='ocrx_word' id='word_1_140' title='bbox 63 2778 179 2855; x_wconf 79' lang='lat' dir='ltr'>tidum</span> <span class='ocrx_word' id='word_1_141' title='bbox 196 2807 323 2882; x_wconf 77' lang='lat' dir='ltr'>agmen</span> <span class='ocrx_word' id='word_1_142' title='bbox 341 2780 387 2856; x_wconf 88' lang='lat' dir='ltr'>de</span> <span class='ocrx_word' id='word_1_143' title='bbox 404 2784 477 2857; x_wconf 84' lang='lat' dir='ltr'>suis</span> <span class='ocrx_word' id='word_1_144' title='bbox 491 2799 528 2857; x_wconf 89' lang='lat' dir='ltr'>et</span> <span class='ocrx_word' id='word_1_145' title='bbox 546 2782 592 2859; x_wconf 92' lang='lat' dir='ltr'>de</span> <span class='ocrx_word' id='word_1_146' title='bbox 606 2782 741 2858; x_wconf 72' lang='lat' dir='ltr'>familia</span> <span class='ocrx_word' id='word_1_147' title='bbox 759 2783 857 2887; x_wconf 77' lang='lat' dir='ltr'>regis</span> <span class='ocrx_word' id='word_1_148' title='bbox 872 2782 1018 2873; x_wconf 87' lang='lat' dir='ltr'>babuit,</span> <span class='ocrx_word' id='word_1_149' title='bbox 1037 2782 1143 2883; x_wconf 87' lang='lat' dir='ltr'>cupi-</span> 
     </span>
     <span class='ocr_line' id='line_1_22' title="bbox 62 2897 1140 3002; baseline 0 -29"><span class='ocrx_word' id='word_1_150' title='bbox 62 2897 189 3002; x_wconf 84' lang='lat' dir='ltr'>disque</span> <span class='ocrx_word' id='word_1_151' title='bbox 211 2901 389 2975; x_wconf 89' lang='lat' dir='ltr'>tironibus</span> <span class='ocrx_word' id='word_1_152' title='bbox 406 2900 501 2976; x_wconf 80' lang='lat' dir='ltr'>foras</span> <span class='ocrx_word' id='word_1_153' title='bbox 523 2928 734 3002; x_wconf 83' lang='lat' dir='ltr'>erumpere,</span> <span class='ocrx_word' id='word_1_154' title='bbox 759 2902 852 2976; x_wconf 86' lang='lat' dir='ltr'>dixit</span> <span class='ocrx_word' id='word_1_155' title='bbox 875 2932 885 2976; x_wconf 76' lang='lat' dir='ltr'><em>z</em></span> <span class='ocrx_word' id='word_1_156' title='bbox 909 2904 1140 2991; x_wconf 76' lang='lat' dir='ltr'>Amantini,</span> 
     </span>
     <span class='ocr_line' id='line_1_23' title="bbox 63 3017 1145 3117; baseline 0.004 -30"><span class='ocrx_word' id='word_1_157' title='bbox 63 3035 97 3088; x_wconf 79' lang='lat' dir='ltr'>et</span> <span class='ocrx_word' id='word_1_158' title='bbox 109 3035 223 3089; x_wconf 82' lang='lat' dir='ltr'>estote</span> <span class='ocrx_word' id='word_1_159' title='bbox 236 3021 364 3117; x_wconf 81' lang='lat' dir='ltr'>parati</span> <span class='ocrx_word' id='word_1_160' title='bbox 367 3051 385 3105; x_wconf 92' lang='lat'>,·</span> <span class='ocrx_word' id='word_1_161' title='bbox 399 3020 467 3091; x_wconf 85' lang='lat' dir='ltr'>sed</span> <span class='ocrx_word' id='word_1_162' title='bbox 479 3017 527 3092; x_wconf 84' lang='lat' dir='ltr'>de</span> <span class='ocrx_word' id='word_1_163' title='bbox 536 3021 745 3092; x_wconf 80' lang='lat' dir='ltr'>munitione</span> <span class='ocrx_word' id='word_1_164' title='bbox 759 3045 836 3093; x_wconf 83' lang='lat' dir='ltr'>non</span> <span class='ocrx_word' id='word_1_165' title='bbox 850 3018 1008 3109; x_wconf 61' lang='lat' dir='ltr'>caeam,</span> <span class='ocrx_word' id='word_1_166' title='bbox 1024 3017 1145 3092; x_wconf 84' lang='lat' dir='ltr'>donec</span> 
     </span>
     <span class='ocr_line' id='line_1_24' title="bbox 64 3134 1144 3238; baseline 0.002 -33"><span class='ocrx_word' id='word_1_167' title='bbox 64 3158 130 3232; x_wconf 75' lang='lat' dir='ltr'>ego</span> <span class='ocrx_word' id='word_1_168' title='bbox 144 3134 300 3234; x_wconf 80' lang='lat' dir='ltr'>jubeam</span> <span class='ocrx_word' id='word_1_169' title='bbox 328 3136 448 3211; x_wconf 83' lang='lat' dir='ltr'>uobis.</span> <span class='ocrx_word' id='word_1_170' title='bbox 471 3138 587 3210; x_wconf 74' lang='lat' dir='ltr'>Sinite</span> <span class='ocrx_word' id='word_1_171' title='bbox 615 3136 735 3211; x_wconf 73' lang='lat' dir='ltr'>hostes</span> <span class='ocrx_word' id='word_1_172' title='bbox 761 3135 896 3238; x_wconf 83' lang='lat' dir='ltr'>proeda</span> <span class='ocrx_word' id='word_1_173' title='bbox 919 3139 1084 3226; x_wconf 81' lang='lat' dir='ltr'>onerari,</span> <span class='ocrx_word' id='word_1_174' title='bbox 1108 3151 1144 3209; x_wconf 88' lang='lat' dir='ltr'>et</span> 
     </span>
     <span class='ocr_line' id='line_1_25' title="bbox 66 3252 1143 3328; baseline 0.002 -3"><span class='ocrx_word' id='word_1_175' title='bbox 66 3252 291 3327; x_wconf 82' lang='lat' dir='ltr'>discedentes</span> <span class='ocrx_word' id='word_1_176' title='bbox 319 3280 461 3328; x_wconf 85' lang='lat' dir='ltr'>meeum</span> <span class='ocrx_word' id='word_1_177' title='bbox 489 3254 648 3328; x_wconf 79' lang='lat' dir='ltr'>viriliter</span> <span class='ocrx_word' id='word_1_178' title='bbox 671 3257 913 3328; x_wconf 78' lang='lat' dir='ltr'>insectamini.</span> <span class='ocrx_word' id='word_1_179' title='bbox 939 3252 998 3327; x_wconf 84' lang='grc' dir='ltr'>ΙΙΙί</span> <span class='ocrx_word' id='word_1_180' title='bbox 1021 3266 1143 3327; x_wconf 85' lang='lat' dir='ltr'>autem</span> 
     </span>
     <span class='ocr_line' id='line_1_26' title="bbox 65 3367 1141 3472; baseline 0.003 -32"><span class='ocrx_word' id='word_1_181' title='bbox 65 3367 222 3468; x_wconf 88' lang='lat' dir='ltr'>principi</span> <span class='ocrx_word' id='word_1_182' title='bbox 239 3396 324 3458; x_wconf 86' lang='lat' dir='ltr'>suo,</span> <span class='ocrx_word' id='word_1_183' title='bbox 345 3372 407 3472; x_wconf 87' lang='lat' dir='ltr'>qui</span> <span class='ocrx_word' id='word_1_184' title='bbox 427 3369 664 3471; x_wconf 84' lang='lat' dir='ltr'>probissimus</span> <span class='ocrx_word' id='word_1_185' title='bbox 682 3386 719 3445; x_wconf 90' lang='lat' dir='ltr'>et</span> <span class='ocrx_word' id='word_1_186' title='bbox 735 3370 876 3459; x_wconf 79' lang='lat' dir='ltr'>militiae</span> <span class='ocrx_word' id='word_1_187' title='bbox 889 3396 1023 3471; x_wconf 82' lang='lat' dir='ltr'>gnarus</span> <span class='ocrx_word' id='word_1_188' title='bbox 1039 3385 1141 3460; x_wconf 85' lang='lat' dir='ltr'>erat,</span> 
     </span>
     <span class='ocr_line' id='line_1_27' title="bbox 66 3484 1140 3589; baseline 0.003 -29"><span class='ocrx_word' id='word_1_189' title='bbox 66 3484 375 3579; x_wconf 83' lang='lat' dir='ltr'>obsecundarunt,</span> <span class='ocrx_word' id='word_1_190' title='bbox 391 3507 428 3563; x_wconf 83' lang='lat' dir='ltr'>et</span> <span class='ocrx_word' id='word_1_191' title='bbox 453 3489 625 3564; x_wconf 88' lang='lat' dir='ltr'>abeuntes</span> <span class='ocrx_word' id='word_1_192' title='bbox 653 3516 737 3564; x_wconf 89' lang='lat' dir='ltr'>cum</span> <span class='ocrx_word' id='word_1_193' title='bbox 768 3490 890 3589; x_wconf 83' lang='lat' dir='ltr'>praeda</span> <span class='ocrx_word' id='word_1_194' title='bbox 918 3487 1140 3589; x_wconf 86' lang='lat' dir='ltr'>pedetentim</span> 
     </span>
    </p>
   </div>
   <div class='ocr_carea' id='block_1_5' title="bbox 69 3770 1144 4118">
    <p class='ocr_par' dir='ltr' id='par_1_6' title="bbox 69 3770 1144 3936">
     <span class='ocr_line' id='line_1_28' title="bbox 99 3770 1144 3844; baseline 0.002 -20"><span class='ocrx_word' id='word_1_195' title='bbox 99 3772 140 3841; x_wconf 84' lang='grc' dir='ltr'>(ι)</span> <span class='ocrx_word' id='word_1_196' title='bbox 156 3770 290 3844; x_wconf 83' lang='lat' dir='ltr'>L’abbaye</span> <span class='ocrx_word' id='word_1_197' title='bbox 305 3770 340 3827; x_wconf 90' lang='lat' dir='ltr'>de</span> <span class='ocrx_word' id='word_1_198' title='bbox 354 3771 544 3827; x_wconf 81' lang='lat' dir='ltr'>saint-Pierre</span> <span class='ocrx_word' id='word_1_199' title='bbox 559 3771 594 3828; x_wconf 82' lang='lat' dir='ltr'>de</span> <span class='ocrx_word' id='word_1_200' title='bbox 606 3770 757 3839; x_wconf 82' lang='lat' dir='ltr'>Castiilou,</span> <span class='ocrx_word' id='word_1_201' title='bbox 772 3781 917 3828; x_wconf 68' lang='lat' dir='ltr'>attenuate</span> <span class='ocrx_word' id='word_1_202' title='bbox 928 3776 944 3828; x_wconf 73' lang='lat' dir='ltr'>a</span> <span class='ocrx_word' id='word_1_203' title='bbox 957 3773 1098 3841; x_wconf 87' lang='lat' dir='ltr'>Coucbes,</span> <span class='ocrx_word' id='word_1_204' title='bbox 1114 3782 1144 3827; x_wconf 85' lang='lat' dir='ltr'>et</span> 
     </span>
     <span class='ocr_line' id='line_1_29' title="bbox 69 3860 930 3936; baseline 0.005 -23"><span class='ocrx_word' id='word_1_205' title='bbox 69 3861 115 3931; x_wconf 85' lang='lat' dir='ltr'>qni</span> <span class='ocrx_word' id='word_1_206' title='bbox 129 3860 193 3914; x_wconf 87' lang='lat' dir='ltr'>s’est</span> <span class='ocrx_word' id='word_1_207' title='bbox 208 3860 321 3933; x_wconf 73' lang='lat' dir='ltr'>appelee</span> <span class='ocrx_word' id='word_1_208' title='bbox 336 3862 589 3934; x_wconf 81' lang='lat' dir='ltr'>poste&#39;rienrement</span> <span class='ocrx_word' id='word_1_209' title='bbox 604 3860 727 3936; x_wconf 78' lang='lat' dir='ltr'>l&#39;abbaye</span> <span class='ocrx_word' id='word_1_210' title='bbox 740 3861 777 3917; x_wconf 85' lang='lat' dir='ltr'>de</span> <span class='ocrx_word' id='word_1_211' title='bbox 790 3862 930 3919; x_wconf 80' lang='lat' dir='ltr'>Conebes.</span> 
     </span>
    </p>

    <p class='ocr_par' dir='ltr' id='par_1_7' title="bbox 100 3950 829 4019">
     <span class='ocr_line' id='line_1_30' title="bbox 100 3950 829 4019; baseline 0.005 -16"><span class='ocrx_word' id='word_1_212' title='bbox 100 3951 140 4019; x_wconf 66' lang='grc' dir='ltr'>(π)</span> <span class='ocrx_word' id='word_1_213' title='bbox 153 3950 262 4005; x_wconf 81' lang='lat' dir='ltr'>Fratris</span> <span class='ocrx_word' id='word_1_214' title='bbox 275 3953 419 4006; x_wconf 75' lang='lat' dir='ltr'>IsabeIIis.</span> <span class='ocrx_word' id='word_1_215' title='bbox 434 3954 487 4008; x_wconf 73' lang='lat' dir='ltr'>Me.</span> <span class='ocrx_word' id='word_1_216' title='bbox 500 3951 574 4007; x_wconf 85' lang='lat' dir='ltr'>dela</span> <span class='ocrx_word' id='word_1_217' title='bbox 587 3952 664 4007; x_wconf 83' lang='lat' dir='ltr'>reine</span> <span class='ocrx_word' id='word_1_218' title='bbox 678 3952 714 4008; x_wconf 87' lang='lat' dir='ltr'>de</span> <span class='ocrx_word' id='word_1_219' title='bbox 725 3952 829 4011; x_wconf 60' lang='lat' dir='ltr'>subde.</span> 
     </span>
    </p>

    <p class='ocr_par' dir='ltr' id='par_1_8' title="bbox 101 4029 905 4118">
     <span class='ocr_line' id='line_1_31' title="bbox 101 4029 905 4118; baseline 0.01 -25"><span class='ocrx_word' id='word_1_220' title='bbox 101 4038 140 4107; x_wconf 74' lang='lat'>(3)</span> <span class='ocrx_word' id='word_1_221' title='bbox 155 4029 300 4114; x_wconf 73' lang='lat' dir='ltr'>Epernon,</span> <span class='ocrx_word' id='word_1_222' title='bbox 316 4046 442 4118; x_wconf 62' lang='lat' dir='ltr'>equatre</span> <span class='ocrx_word' id='word_1_223' title='bbox 456 4044 543 4100; x_wconf 86' lang='lat' dir='ltr'>lieues</span> <span class='ocrx_word' id='word_1_224' title='bbox 554 4043 590 4100; x_wconf 91' lang='lat' dir='ltr'>de</span> <span class='ocrx_word' id='word_1_225' title='bbox 605 4045 905 4102; x_wconf 70' lang='lat' dir='ltr'>Montium-I&#39;Arnauri.</span> 
     </span>
    </p>
   </div>
   <div class='ocr_carea' id='block_1_6' title="bbox 73 4130 1143 4275">
    <p class='ocr_par' dir='ltr' id='par_1_9' title="bbox 73 4130 1143 4275">
     <span class='ocr_line' id='line_1_32' title="bbox 73 4130 1143 4273; baseline -0.001 -86"><span class='ocrx_word' id='word_1_226' title='bbox 73 4131 141 4273; x_wconf 58' lang='grc' dir='ltr'>Ήξᾰ)</span> <span class='ocrx_word' id='word_1_227' title='bbox 155 4130 196 4186; x_wconf 80' lang='lat' dir='ltr'>Ce</span> <span class='ocrx_word' id='word_1_228' title='bbox 210 4133 323 4204; x_wconf 52' lang='lat' dir='ltr'>prieurs}</span> <span class='ocrx_word' id='word_1_229' title='bbox 339 4144 381 4189; x_wconf 84' lang='lat' dir='ltr'>est</span> <span class='ocrx_word' id='word_1_230' title='bbox 395 4136 468 4191; x_wconf 68' lang='lat' dir='ltr'>situi·</span> <span class='ocrx_word' id='word_1_231' title='bbox 482 4133 551 4190; x_wconf 84' lang='lat' dir='ltr'>dans</span> <span class='ocrx_word' id='word_1_232' title='bbox 568 4153 606 4190; x_wconf 89' lang='lat' dir='ltr'>un</span> <span class='ocrx_word' id='word_1_233' title='bbox 622 4135 760 4209; x_wconf 70' lang='lat' dir='ltr'>taubourg</span> <span class='ocrx_word' id='word_1_234' title='bbox 774 4140 888 4193; x_wconf 75' lang='lat' dir='ltr'>nomme</span> <span class='ocrx_word' id='word_1_235' title='bbox 902 4135 929 4191; x_wconf 82' lang='lat' dir='ltr'>ie</span> <span class='ocrx_word' id='word_1_236' title='bbox 943 4136 1036 4206; x_wconf 74' lang='lat' dir='ltr'>Rourg</span> <span class='ocrx_word' id='word_1_237' title='bbox 1051 4132 1143 4189; x_wconf 85' lang='lat' dir='ltr'>Saint-</span> 
     </span>
     <span class='ocr_line' id='line_1_33' title="bbox 116 4237 201 4275; baseline -0.012 -2"><span class='ocrx_word' id='word_1_238' title='bbox 116 4237 201 4275; x_wconf 84' lang='lat' dir='ltr'>omas.</span> 
     </span>
    </p>
   </div>
   <div class='ocr_carea' id='block_1_7' title="bbox 0 0 1537 5244">
    <p class='ocr_par' dir='ltr' id='par_1_10' title="bbox 0 0 1537 5244">
     <span class='ocr_line' id='line_1_34' title="bbox 0 0 1537 5244; baseline 0 0"><span class='ocrx_word' id='word_1_239' title='bbox 0 0 1537 5244; x_wconf 95' lang='lat' dir='ltr'> </span> 
     </span>
    </p>
   </div>
  </div>
 </body>
</html>
