3046 5244
89 522 195 598 [1087]
449 514 566 576 LlBEll
587 514 792 576 SEPTIMUS.
1097 524 1153 583 att

89 654 161 725 cito
178 665 368 735 evenerat,
390 649 560 721 Barenses
578 646 747 746 reliquias
764 649 882 722 tunica
901 650 989 749 Lupi
1008 651 1159 751 presby-

91 769 156 840 teri
169 770 235 863 (ι),
244 781 353 864 prout
363 780 542 863 poterant,
555 764 797 850 involverunt,
811 765 998 867 ipsumque
1005 769 1160 867 Lupum,

89 888 262 959 serentem
277 909 417 956 sacrum
432 908 537 973 onus,
551 881 672 953 statim
685 907 810 955 omnes
824 886 934 956 secuti
947 902 1043 957 sunt.
1063 888 1160 960 Lau-

91 1002 215 1075 dantes
234 1003 351 1101 itaque
369 1001 564 1074 Dominum
583 1027 652 1098 pro
668 1002 884 1074 sanctissima
898 1002 1037 1101 praeda,
1053 1032 1160 1106 quam

92 1120 224 1195 nonde
239 1117 419 1205 hostibus,
436 1115 495 1190 sed
509 1118 702 1190 Dominico
718 1116 762 1190 de
779 1118 1029 1217 gazophylacio
1045 1149 1163 1222 sump

92 1254 228 1325 serant,
248 1234 290 1306 ad
311 1235 431 1307 littora
450 1231 689 1306 maturabant.
709 1234 833 1305 Frusta
853 1261 996 1335 quoque
1011 1236 1055 1310 tle
1071 1266 1164 1311 mar-

93 1379 212 1427 morea
232 1379 341 1438 urna,
361 1378 468 1450 quam
487 1366 684 1448 ruperunt,
703 1349 849 1450 quidam
866 1369 1161 1451 asportaverunt,

94 1468 438 1570 exquibusamultis
451 1467 680 1566 pontificibus
691 1493 756 1567 per
766 1468 904 1540 ltaliam
913 1470 1027 1542 multa
1039 1471 1164 1545 altaria

96 1589 297 1686 tabulaeque
316 1586 504 1657 temerarie
522 1586 576 1682 (2)
591 1598 811 1658 consecratae
829 1603 925 1658 suut.
944 1586 1000 1660 Ad
1018 1606 1164 1688 portum

96 1720 212 1777 autem
237 1719 275 1773 ut
292 1727 509 1789 convenere,
529 1718 609 1773 orta
623 1718 676 1774 est
691 1705 896 1792 contentio,
917 1707 953 1776 iu
970 1708 1070 1805 eujus
1084 1710 1164 1780 nari

97 1823 302 1893 mitteretur
326 1846 416 1890 onus
439 1818 685 1891 desiderabile.
715 1820 897 1919 Optabant
922 1824 1019 1895 enim
1047 1851 1166 1898 seeum

98 1963 220 2009 omues
243 1953 382 2007 tantum
407 1934 563 2008 sodalem
587 1953 623 2008 et
644 1952 838 2034 patronum
860 1937 1005 2013 habere.
1038 1942 1167 2015 Omni-

100 2057 161 2128 bus
191 2054 336 2127 tandem
366 2054 511 2153 paciliee
538 2054 671 2152 placuit
696 2071 737 2126 ut
763 2055 925 2128 Matthaei
953 2060 1053 2131 naris
1081 2061 1167 2133 illud

99 2174 263 2261 veheret,
296 2174 322 2244 si
352 2189 469 2243 tamen
506 2175 579 2270 ipse
608 2173 708 2270 prius
734 2172 969 2272 jurejurando
998 2174 1043 2247 (le
1072 2175 1167 2250 bona

101 2293 264 2364 societate
282 2288 388 2361 sulem
406 2290 475 2361 illis
492 2292 636 2362 faceret.
655 2289 760 2381 Quod
778 2291 823 2362 ita
842 2291 1056 2365 factumest.

146 2408 272 2478 Ratern
294 2409 411 2506 itaque
435 2407 507 2478 laeti
531 2405 744 2493 ascendunt,
770 2407 939 2507 reliquias
956 2410 1027 2481 alio
1047 2438 1169 2508 pauno

102 2551 195 2596 noro
213 2541 249 2595 et
267 2522 419 2595 candido
436 2524 646 2612 involvunt,
667 2541 703 2595 et
722 2526 758 2595 in
776 2525 919 2597 vasculo
938 2526 1059 2626 ligneo
1067 2582 1077 2615 ,
1096 2556 1169 2629 quo

102 2657 217 2712 nautae
235 2639 301 2711 sibi
327 2656 497 2711 temetum
516 2665 658 2712 serrare
676 2641 839 2714 solebant
857 2643 927 2738 (3),
951 2645 1167 2718 recondunt.

103 2760 148 2828 lle
165 2757 293 2829 dolore
313 2783 399 2829 sero
413 2757 633 2855 Myrensium
649 2785 717 2857 pro
729 2758 862 2834 damno
876 2759 942 2833 sibi
956 2761 1068 2850 lacto,
1084 2761 1169 2836 dum

105 2892 228 2946 uotum
249 2877 316 2945 illis
332 2878 464 2947 sactum
482 2893 553 2962 est,
574 2876 685 2948 multa
704 2876 838 2950 referre
855 2905 994 2951 necesse
1012 2907 1086 2953 non
1104 2900 1168 2954 est.

105 2993 209 3080 Nam,
228 3011 266 3063 ut
287 2992 486 3092 hujusmodi
500 2995 630 3064 samam
651 2994 778 3067 iueolae
796 2995 908 3092 Myrei
929 3000 1055 3085 castri,
1074 2999 1171 3099 quud

103 3165 111 3171 -
124 3165 348 3173 --.-—--—--

136 3260 172 3318 tr)
184 3254 223 3309 Ce
234 3253 277 3305 fut
287 3251 356 3304 daus
368 3253 391 3305 la
401 3253 520 3324 tuaique
532 3251 650 3305 blauclre
660 3253 669 3321 (
679 3250 889 3323 prolialrlement
903 3251 991 3306 l'sube
1003 3272 1039 3307 ou
1054 3257 1171 3328 surplis)

103 3344 135 3397 ale
149 3342 308 3407 Grimoald‚
327 3354 353 3395 et
368 3361 422 3395 non
441 3340 476 3395 de
492 3344 594 3414 Lupus,
613 3360 668 3414 que
683 3341 722 3394 les
734 3340 854 3414 reliques
868 3341 965 3396 lurent
977 3344 1168 3418 enreloppees.

102 3436 214 3488 §uirant
228 3435 253 3487 le
268 3436 337 3487 recit
349 3433 385 3486 ‹le
398 3433 568 3503 nicephore,
584 3432 622 3485 les
636 3449 786 3502 voyageurs
798 3432 924 3486 suraient
936 3433 1018 3487 roulu
1028 3449 1171 3509 emporter

102 3542 133 3575 en
148 3524 239 3576 urenae
255 3534 345 3593 temps
358 3540 394 3574 uu
410 3522 529 3592 pertrait
541 3519 579 3573 du
593 3521 665 3574 saint
678 3520 796 3592 usique,
815 3520 892 3591 place
910 3539 960 3575 sur
978 3521 1089 3591 l'aute13
1103 3528 1171 3581 mais

103 3632 131 3664 ce
143 3614 185 3665 lut
197 3632 231 3665 en
246 3613 306 3665 rain
324 3609 406 3683 qu'ils
426 3610 612 3664 cherclrerent
630 3609 710 3664 'al‘eu
727 3610 867 3664 arraclrer.
883 3611 919 3665 Le
938 3612 1019 3667 blanc
1032 3614 1172 3673 retement

104 3703 168 3757 «lans
184 3701 273 3775 lequel
290 3701 329 3753 les
348 3700 467 3772 reliques
491 3702 626 3754 restereut
647 3698 828 3772 enveloppees
842 3701 965 3773 pendant
978 3713 1057 3758 toute
1075 3706 1100 3759 la
1114 3717 1170 3761 tra·

105 3810 201 3853 xerses,
214 3792 256 3844 fut
271 3790 379 3844 ensuite
393 3792 507 3862 partage'
519 3799 598 3843 entre
612 3788 748 3860 plusieurs
761 3790 860 3862 eglises
872 3792 1041 3865 episcopales
1052 3793 1169 3861 d‘ltatte,

106 3885 170 3933 aussi
191 3881 254 3934 bien
273 3896 327 3951 que
341 3889 403 3932 tous
413 3876 452 3931 les
466 3896 613 3932 morceaux
630 3877 669 3931 du
682 3878 824 3933 couvercle
840 3878 879 3932 ‹lu
893 3880 1036 3948 totnbesu‚
1052 3881 1120 3937 ‹lout
1134 3903 1169 3939 on

108 3982 150 4038 put
165 3989 192 4023 se
206 3970 293 4023 saisir.

139 4062 173 4127 (a)
192 4062 265 4113 Lisez
281 4084 285 4110 :
303 4070 411 4112 temere.
427 4059 466 4112 Ce
480 4070 538 4114 mot
550 4071 592 4113 est
605 4061 662 4132 pris
675 4061 709 4114 ici
724 4059 792 4114 dans
806 4060 966 4133 l'aceeption
983 4062 1017 4115 ‹le
1031 4086 1035 4114 :
1049 4067 1167 4131 passim,

111 4149 146 4204 lu'c
159 4163 184 4205 ct
196 4154 261 4205 illic.

140 4241 175 4310 {3}
191 4244 232 4296 llu
253 4245 309 4296 rin.
322 4243 362 4296 Ce
375 4260 436 4295 vase
449 4241 483 4296 de
500 4244 560 4299 buis
573 4246 640 4300 etait
662 4263 699 4298 uu
718 4243 799 4297 baril.
823 4243 936 4298 Beatillo
949 4245 1074 4318 l'sppelle
1091 4270 1096 4301 :
1114 4269 1169 4305 urta

113 4335 206 4394 precata
220 4334 296 4387 botta
311 4352 328 4386 a
341 4343 440 4403 portur
452 4353 551 4404 aequa.
