3046 5244
345 394 405 453 504
622 388 806 449 1118ΤοΜΑ
830 388 1137 449 ecetesttst'mt
1209 394 1308 469 [tem
1324 392 1418 467 lm}

346 548 467 595 rerum
483 548 609 619 magna
625 524 875 596 communitas.
891 522 1059 621 Episcopi
1073 518 1236 622 quotidie
1247 518 1294 595 ele
1305 524 1422 597 eonti-

346 643 464 712 nentia
485 640 833 725 sermocinabantur,
850 668 960 713 omne
973 657 1132 713 scortum
1156 658 1192 713 et
1208 638 1360 713 abissum
1376 640 1420 713 tle

342 758 461 829 merlin
482 776 681 831 castrorum
705 758 1022 831 abominabantur.
1045 758 1155 830 'l'urci
1183 758 1330 831 interim
1351 782 1419 857 pro

341 873 553 947 ‹lestursantla
572 874 663 947 urbe
673 874 913 965 desudabant,
929 892 967 947 et.
977 902 1041 973 per
1055 875 1191 961 laeum,
1204 872 1419 948 Christianis

343 991 568 1077 ridentibus,
605 1010 681 1065 tute
712 992 812 1065 ibant
847 1010 884 1064 et
926 992 1107 1066 redibant.
1143 992 1272 1067 Franci
1306 992 1418 1091 igitur

342 1112 479 1195 moeni,
500 1110 656 1210 qualiter
682 1112 732 1181 eis
750 1112 866 1181 laeum
886 1114 1084 1198 arescerent,
1103 1108 1296 1181 machinati
1315 1126 1413 1182 suut.

343 1226 491 1323 Legatos
507 1226 862 1323 Constantinopolim
879 1226 1110 1312 direxerunt,
1129 1224 1268 1326 etquid
1286 1242 1416 1299 contra

342 1346 459 1419 bostes
479 1348 725 1445 protulissent
752 1348 950 1445 agendum,
976 1349 1138 1447 Augusto
1155 1348 1310 1419 solerter
1329 1348 1420 1419 iuti-

342 1481 500 1536 marnot.
524 1464 608 1535 Mox
633 1468 848 1563 imperator,
867 1465 996 1538 auditis
1014 1492 1141 1537 eornm
1159 1460 1416 1563 petitionibus,

341 1582 540 1681 arlquierit,
558 1599 592 1652 et
614 1584 736 1654 omnia
754 1583 948 1655 seeundum
966 1583 1267 1683 dispensationem
1288 1606 1418 1655 eorum

344 1702 419 1771 lieri
436 1702 622 1797 praecepit.
641 1702 694 1773 Ex
713 1720 896 1800 praecepto
914 1705 1024 1799 igitur
1039 1701 1189 1801 Augusti
1206 1700 1422 1773 boreslesti·

345 1834 474 1888 liariter
496 1818 637 1889 arlrlueti
658 1836 763 1906 sunt,
783 1836 818 1889 et
840 1821 1002 1891 relisolee
1023 1846 1128 1891 arares
1153 1835 1299 1917 portum
1320 1816 1419 1889 che·

345 1951 444 2006 retot
465 1937 697 2033 appulerunt.
719 1938 915 2034 Tureopoli
933 1939 1039 2009 etiam
1057 1936 1252 2008 alliserunt.
1270 1932 1422 2031 Seaplue

345 2080 503 2125 carrucis
518 2058 573 2149 (r)
587 2057 823 2152 superposito¹
837 2072 941 2138 sunt,
958 2072 994 2125 et
1011 2053 1127 2128 bobus
1140 2054 1223 2126 buie
1235 2051 1339 2150 operi
1357 2052 1423 2123 mi·

347 2170 602 2259 nistrantibus,
624 2199 734 2272 usqm
753 2171 794 2243 aul
813 2171 1033 2269 erepirlinem
1054 2173 1149 2244 lacus
1166 2168 1348 2243 laboriose
1361 2166 1423 2239 de·

345 2288 463 2361 «buum
480 2307 577 2362 sunt.
595 2292 710 2363 Nocte
726 2292 832 2362 terris
850 2290 1101 2375 incumbente,
1123 2312 1228 2361 nares
1246 2287 1284 2359 in
1305 2286 1421 2359 lacum

348 2408 595 2505 impegerunt,
612 2434 739 2508 easque.
756 2408 971 2505 Tureopolis
986 2404 1261 2479 mandaverunt.
1278 2402 1418 2503 Crepu-

347 2526 445 2596 seulo
460 2525 529 2596 «liei
546 2526 761 2614 alluseente,
782 2528 897 2597 lacum
914 2526 1090 2597 suleautes
1104 2522 1283 2605 ordinate,
1302 2518 1420 2593 terule«

347 2638 432 2713 lnuu
449 2670 585 2741 puppes
599 2644 641 2715 at
659 2644 800 2716 orbern.
817 2644 937 2730 (lires,
955 2642 1069 2713 laeum
1086 2638 1236 2713 natilnrs
1251 2656 1420 2737 opertum

347 2760 487 2831 eminus
497 2759 975 2859 aspieieutes,mirabantur,
987 2775 1021 2829 et
1033 2760 1060 2829 si
1069 2756 1236 2829 sortesibi
1247 2756 1419 2829 auxilium

348 2870 1422 2975 reniret,suspirabantur.:ltprstqttamcertitrnlinemtleeis

348 3012 602 3093 perceperunt,
617 2994 799 3091 diriguere
814 3011 927 3080 metu,
944 3011 978 3064 et
992 3018 1170 3091 exangues
1183 2992 1286 3079 laeti,
1300 2988 1421 3089 despe-

347 3130 531 3185 rarerunt.
551 3114 753 3211 llepentino
766 3140 845 3181 rasn
861 3111 1079 3210 perturbatis
1091 3128 1225 3210 prester
1235 3134 1423 3211 spemotu·

347 3229 403 3300 uia
422 3232 669 3327 ‹ontigernnt
687 3230 777 3301 l'rbi
793 3245 885 3300 terra
902 3231 1050 3329 lai-uque
1063 3228 1214 3301 obessae
1229 3228 1329 3302 nulla
1345 3250 1421 3327 spes

343 3348 466 3420 salutis
484 3367 573 3421 erat.
596 3348 650 3421 slrl
672 3350 924 3447 imperatorem
942 3348 1052 3443 igitur
1071 3348 1205 3445 legatos
1218 3344 1417 3421 atestinum.

343 3480 379 3535 et
396 3464 532 3537 olnrixe
553 3467 753 3565 supplieaut
776 3482 814 3536 nt
832 3468 903 3563 jam
925 3466 1026 3535 rietis
1044 3481 1183 3563 pareat,
1203 3460 1334 3535 urbem
1350 3462 1418 3533 de·

342 3582 453 3653 ‹litam
471 3587 805 3685 reeipiat‚r·:un‹pre‚
820 3585 921 3655 sieuti
937 3609 1051 3671 saraim,
1067 3580 1114 3653 ab
1127 3578 1291 3654 hostibus
1303 3598 1420 3679 pmte·

343 3716 423 3797 gat,
445 3728 489 3769 ne
508 3728 563 3772 res
581 3730 706 3771 ernnrn
726 3701 934 3797 alienigenis
950 3700 1069 3799 praela
1088 3700 1161 3773 liat.
1180 3700 1243 3771 llis
1262 3698 1415 3799 impen-

344 3832 404 3887 tor
429 3816 575 3897 auditis,
596 3816 883 3889 (iluistianorurn
911 3819 1084 3915 proleetui
1113 3818 1174 3913 (ut
1195 3832 1346 3889 ereutus
1369 3816 1419 3887 tei

345 3950 463 4027 postea
487 3932 617 4031 probas
628 3936 664 4025 it¹
688 3936 828 4003 oeenlte
845 3938 897 4006 int
908 3934 1026 4017 irlens,
1047 3934 1350 4033 obsessorumque
1365 3932 1418 4005 le·

396 4210 401 4237 ι
436 4192 465 4235 l'=
488 4204 542 4239 nint
559 4210 583 4239 n·
608 4204 707 4247 ogoni·
731 4214 736 4245 ι
766 4214 822 4243 sni
839 4192 1327 4249 «tn«tamnu,intersiti-selueru·
