3016 5242
84 458 218 536 [1066]
474 457 590 517 LIBER
611 458 812 518 SEPTIMUS.
1120 461 1171 520 tor

161 589 224 661 lll.
244 586 433 660 Eduardus
447 615 509 661 rex
526 589 746 689 Anglorum,
767 608 956 690 postquam
970 616 1063 664 xxnr
1077 591 1180 662 annis

84 707 295 806 regnarit,
315 732 412 778 anno
424 722 525 780 sexto
540 705 696 806 Philippi
714 709 807 807 regis
822 708 1048 782 Francorum
1065 708 1181 784 horni-

84 850 197 897 nem
216 824 341 896 exivit.
354 823 461 922 Cujus
474 806 679 924 genealogia
693 824 737 897 de
750 826 861 925 stirpe
873 828 954 898 Sem
968 826 1031 899 filii
1044 825 1122 899 Noe
1135 827 1182 899 ita

84 939 308 1013 descendit.
333 942 415 1014 Sem
431 942 556 1040 genuit.
572 941 718 1014 Arlaxat
739 960 775 1015 et
790 943 982 1043 Beadumg.
1002 944 1184 1044 Beadurng

90 1058 241 1156 genuit
268 1057 388 1130 Wala.
411 1058 516 1131 Wala
536 1059 661 1158 genuit
676 1060 799 1132 Hatra.
824 1061 933 1132 Hatra
957 1087 1044 1133 vero
1061 1061 1186 1160 genuit

95 1171 289 1248 Itermod.
310 1173 470 1247 ltemnod
496 1191 614 1248 autem
634 1178 759 1276 gennit
783 1177 977 1250 Heremod.
1005 1175 1186 1249 Heremod

99 1308 235 1362 autem
248 1294 372 1391 genuit
385 1292 594 1366 sceldunea.
602 1293 797 1381 sceldunea
811 1296 936 1394 genuit
946 1296 1065 1368 Beaw.
1081 1297 1185 1369 Beaw

105 1410 244 1508 genuit
266 1408 413 1483 Cetuna.
445 1411 580 1484 Cetuna
614 1438 700 1484 vero
729 1414 853 1513 gennit
879 1413 1049 1498 Gratum,
1079 1437 1188 1513 quern

108 1526 266 1601 Geatam
280 1529 406 1627 pagani
420 1528 632 1628 jamdudum
646 1530 795 1627 prodeo
819 1530 1099 1604 venerabantur.
1123 1531 1190 1602 Hic

110 1646 245 1742 genuit
283 1643 567 1744 Findggoldwls‚
607 1662 746 1745 patrem
789 1644 998 1745 Fidhulput.
1034 1647 1085 1719 De
1118 1671 1190 1745 quo

114 1759 261 1833 Frealas
274 1778 376 1858 pater
394 1760 630 1838 Frithowald.
657 1764 710 1836 De
734 1791 807 1863 quo
824 1763 969 1837 Woden
992 1781 1093 1837 ortus
1118 1780 1189 1852 est,

118 1904 137 1947 a
151 1904 226 1978 qno
241 1877 352 1979 Angli
365 1878 492 1952 leriam
506 1888 583 1952 vrum
596 1879 773 1954 Wodenis
785 1880 880 1955 diem
896 1884 950 1979 (r)
965 1899 1190 1981 nuncupant.

121 1993 188 2066 llic
199 2019 342 2092 magnae
356 1993 583 2067 sublimitatis
601 1998 696 2068 inter
710 2023 791 2069 suos
806 2013 843 2070 et
855 1999 1027 2096 potentiae
1039 1997 1134 2095 snit(
1160 1998 1190 2095 ).

123 2165 175 2221 llic
194 2167 297 2223 desunt
315 2169 461 2235 nonnulla,
483 2188 543 2244 que
562 2180 654 2225 tamen
673 2170 803 2225 videntur
823 2188 881 2225 ease
899 2171 982 2226 veluti
1003 2171 1194 2243 recapitulatio

156 2276 251 2313 rernm
268 2257 379 2314 illarum
396 2279 464 2334 quas
477 2261 535 2332 jam
553 2263 582 2314 in
601 2261 793 2334 superioribus
810 2261 889 2316 libris
904 2263 992 2315 lunius
1005 2263 1161 2316 enarravit:
1178 2280 1193 2315 a

116 2412 125 2424 ,
158 2351 277 2403 transitu
300 2348 404 2403 scilicet
428 2349 573 2406 Gnillelmi
597 2350 676 2404 ducis
700 2352 727 2403 in
753 2348 897 2422 Anglianr,
921 2368 1010 2423 usquc
1031 2349 1065 2403 ad
1089 2369 1192 2404 annnnr

158 2437 264 2492 Christi
278 2457 306 2492 u.
326 2458 401 2493 txxx.
418 2451 480 2493 rnum
496 2439 544 2510 (3).

171 2574 234 2644 lV.
253 2574 363 2649 Anno
372 2575 673 2651 abincarnatione
683 2578 828 2651 Domini
839 2591 1057 2665 n⁰nxxx⁰rv⁰,
1071 2577 1197 2650 Henri·

129 2718 197 2775 rns,
213 2694 433 2768 Teutonicus
441 2722 517 2784 rex,
533 2695 802 2768 multitudinem
811 2696 1007 2784 Saxonum,
1019 2695 1194 2768 Aleman-

185 2845 343 2853 -...-—--·.
361 2846 499 2856 -η
962 2845 1193 2855 -ο-...ορμ-οα-

131 2910 201 2963 sacre
215 2907 286 2962 abbe
300 2908 355 2962 tes
375 2909 489 2964 octobre
506 2909 588 2977 ro50;
605 2910 624 2964 il
639 2912 724 2983 partit
739 2930 810 2985 pour
823 2912 846 2965 la
862 2912 1058 2966 Terre-Salute
1069 2928 1104 2964 an
1118 2929 1196 2966 conr·

130 3009 300 3054 mencemcnt
310 2998 345 3053 de
359 2999 515 3073 septembre
533 2999 614 3076 1057,
628 3011 656 3056 et
669 3012 784 3057 mourut
794 3002 862 3057 dans
877 3000 981 3073 l'eglise
991 2997 1196 3058 saint-Nicolas

129 3088 179 3152 (ile
197 3089 233 3145 de
247 3089 390 3162 Chypre),
406 3090 431 3144 le
448 3099 482 3144 ιοἲ
494 3091 560 3145 aorit
577 3089 659 3158 1058,
675 3111 783 3146 comme
800 3111 836 3147 on
854 3093 887 3146 l’a
899 3105 937 3146 'vu
950 3091 1099 3159 sidereus,
1114 3103 1135 3146 t.
1151 3092 1193 3157 ll,

129 3176 173 3232 lib.
191 3197 231 3232 nr.

159 3273 168 3335 ζ
175 3272 198 3340 ι)
211 3271 252 3324 (ἴε
264 3270 334 3326 n'est
347 3289 394 3342 pas
408 3271 432 3325 la
447 3272 574 3338 sinleum,
590 3272 658 3326 mais
671 3271 695 3324 la
710 3273 868 3345 cinqnierne
880 3273 947 3326 ferie
963 3272 1006 3338 (le
1019 3270 1129 3342 jeudi)‚
1146 3271 1194 3343 qni

129 3358 349 3412 e'taiteonsacrec
361 3361 376 3412 a
389 3358 467 3414 Odin
480 3358 549 3414 dans
558 3359 583 3413 la
595 3359 712 3431 religion
726 3359 866 3430 primitive
876 3358 925 3413 des
934 3358 1155 3430 dogm-Saxona,
1167 3367 1195 3410 et

127 3448 174 3518 qui
188 3457 269 3533 porte
281 3466 382 3503 encore
394 3466 444 3502 son
458 3467 523 3503 nom
536 3468 571 3504 en
583 3447 696 3521 anglais.

159 3537 198 3605 (a)
216 3535 569 3592 Edouardde-Consessenr
582 3538 639 3610 prit
651 3538 805 3610 possession
818 3536 857 3590 du
867 3536 948 3591 trane
958 3536 1151 3609 d'Angleterre
1159 3555 1194 3590 en

133 3631 210 3694 ποία,
227 3628 296 3682 mais
310 3646 344 3682 ne
365 3629 410 3683 fut
430 3631 573 3683 couronne
585 3629 648 3703 qu'a
662 3629 770 3702 quues
786 3628 821 3682 de
841 3628 946 3683 l'annec
966 3629 1099 3684 suivante.
1121 3629 1195 3684 C’est

130 3720 266 3792 ponrquoi
278 3731 360 3774 notre
369 3729 470 3775 auteur
484 3739 519 3774 ne
528 3720 567 3774 lui
580 3729 690 3793 compte
702 3737 757 3792 que
769 3721 929 3791 vingt-trois
939 3737 987 3775 ans
997 3719 1032 3775 de
1042 3722 1127 3791 regne
1136 3720 1195 3789 jnr-

129 3809 208 3879 qu'aa
221 3808 238 3863 5
248 3810 356 3881 janvier
372 3809 448 3865 1066.

161 3901 293 3969 Quanta
312 3901 336 3955 la
357 3913 466 3956 savants
487 3902 647 3975 genealogie
668 3901 702 3954 de
725 3919 756 3953 ce
780 3903 875 3973 prince
888 3902 973 3975 qn'on
993 3903 1024 3956 lit
1038 3902 1088 3962 ici,
1109 3918 1144 3954 on
1169 3899 1194 3953 Ιι

131 3999 288 4043 retrourera
300 3991 362 4063 plus
377 3991 514 4063 complete
527 3995 609 4060 (avec
621 3989 755 4064 quelques
768 3993 902 4046 variantes
914 3991 979 4046 bien
993 3989 1195 4063 par-donnables

130 4075 195 4130 dans
211 4096 248 4131 nn
267 4078 361 4133 travail
380 4079 549 4134 d'erndition
562 4081 584 4134 si
603 4082 829 4147 transcendente)
842 4080 908 4133 chez
927 4080 1040 4132 Florent
1054 4077 1088 4129 de
1107 4078 1193 4130 Wor-

129 4178 226 4236 cester,
241 4189 268 4241 p.
281 4168 350 4235 582,
365 4181 393 4224 et
408 4171 617 4242 qnobablenrent
630 4169 749 4224 ailleurs.

164 4253 202 4325 (3)
227 4257 262 4309 le
278 4257 382 4312 lecteur
397 4258 465 4311 n'est
487 4258 697 4331 prohablernent
717 4276 764 4330 pas
780 4261 794 4310 a
814 4257 992 4330 s'aperceroir
1008 4274 1063 4328 que
1081 4256 1194 4310 cellere

200 4371 256 4417 lll.
1008 4371 1044 4419 ll
