3046 5244
150 444 372 523 [saar-ssa]
568 442 684 504 tissa
702 443 905 504 serranus.
1211 449 1269 508 sss

149 573 423 650 monachum
444 572 710 672 philosophum.
729 574 798 667 Qui
815 574 1012 653 Gorbertus
1025 577 1193 675 magister
1204 578 1271 651 luit

157 688 382 765 Rodberti
400 688 515 787 regis,
533 687 597 761 lilii
618 690 715 761 istius
731 689 911 790 lingonis,
928 707 965 765 et
979 691 1104 766 domni
1122 692 1272 768 leothe-

165 809 268 884 rici
283 806 562 906 archiepiscopi,
582 809 790 882 successoris
807 766 1022 909 venerabilis
1037 809 1183 887 sewini.
1200 810 1272 884 Ar·

169 925 350 1001 nsulsum
380 939 498 997 autem
525 925 610 998 fecit
636 926 832 1025 mancipari
854 924 1045 1016 custodiae',
1071 926 1274 1000 Aurelianis
1386 928 1390 941 “

181 1043 364 1116 civiate.
394 1038 619 1115 Venerabilis
646 1043 764 1142 itaque
796 1036 958 1119 sewinus
987 1042 1272 1143 archiepiscopus

186 1184 280 1232 non
300 1159 482 1231 consensit
501 1158 537 1230 in
555 1155 808 1257 degradatione
829 1130 995 1248 Arnulli,
1011 1185 1127 1260 neque
1153 1161 1189 1233 in
1207 1186 1273 1234 or-

190 1276 393 1369 dinatione
417 1273 599 1347 Gerberti.
620 1275 737 1348 Jussio
754 1291 875 1348 autem
892 1278 985 1375 regis
1015 1276 1177 1376 urgebat.
1199 1275 1272 1350 Alii

200 1417 295 1465 rero
321 1392 500 1490 episcopi,
528 1391 612 1464 licet
637 1391 759 1481 inriti,
785 1408 903 1466 tamen
928 1410 1080 1493 propter
1107 1395 1275 1479 timorem

205 1511 322 1608 regis,
341 1506 627 1609 degradaverunt
643 1508 851 1597 Arnulsum,
866 1525 903 1582 et
914 1509 1175 1585 ordinaverunt
1189 1510 1277 1583 Ger·

211 1625 371 1716 bertum,
386 1627 547 1702 Sewinus
559 1643 691 1716 autem,
705 1627 785 1725 plus
796 1628 925 1703 timeus
937 1629 1072 1718 Deum,
1087 1655 1197 1731 quam
1207 1645 1278 1702 ter·

215 1770 342 1818 renum
360 1768 502 1843 regem,
523 1744 641 1819 noluit
660 1745 862 1818 consentire
887 1746 980 1845 regis
1003 1748 1196 1846 nequitiae,
1216 1744 1278 1819 sed

215 1862 320 1961 magis
333 1863 555 1960 inquantum
568 1860 880 1962 potuitredarguit
891 1864 1007 1962 ipsum
1016 1890 1154 1964 regem,
1165 1888 1278 1964 prop·

218 1993 264 2051 ter
279 2005 390 2078 quam
408 2005 546 2050 causam
565 1978 616 2050 ira
630 1980 723 2079 regis
739 1995 864 2053 contra
887 2006 968 2053 eum
985 1980 1166 2055 efferbuit.
1187 1981 1279 2054 Cum

220 2121 346 2195 magno
363 2097 482 2195 itaque
494 2093 667 2169 dedecore
686 2097 814 2194 expelli
829 2098 933 2196 jussit
946 2124 1009 2170 rex
1028 2098 1224 2172 Arnulsum
1235 2096 1279 2170 de

221 2210 356 2284 ecclesia
376 2211 493 2282 Beatae
515 2211 578 2284 Dei
605 2211 789 2309 genitricis
809 2212 933 2283 Mariae
952 2213 1155 2301 Remensis,
1177 2213 1280 2286 etsie

221 2328 399 2428 alligatum
413 2326 549 2401 retrudi
570 2329 605 2400 in
624 2353 818 2401 carcerem.
832 2327 1008 2428 Alligatus
1022 2345 1141 2403 autem
1154 2330 1189 2402 in
1206 2355 1283 2402 car·

222 2470 294 2518 cere
311 2444 516 2517 Aurelianis
535 2443 697 2534 civitate,
726 2445 787 2547 ubi
813 2444 1043 2520 detinebatur
1071 2472 1182 2545 nepos
1209 2447 1282 2546 ejus

224 2560 370 2633 Karolus
380 2614 391 2646 ,
410 2562 541 2632 mansit
559 2558 608 2632 ibi
626 2562 730 2633 annis
744 2560 871 2634 tribus.
886 2560 1109 2635 Nuntiautur
1121 2562 1285 2634 hrecom·

223 2678 273 2749 nia
287 2677 434 2776 praesuli
449 2678 626 2750 Romano.
645 2677 715 2770 Qui
733 2676 835 2751 valde
849 2675 1055 2777 indignatus
1071 2704 1179 2778 super
1193 2677 1281 2766 hoc,

224 2793 404 2867 interdixit
420 2820 545 2866 omnes
561 2795 766 2893 episcopos,
780 2795 842 2894 qui
861 2794 1055 2868 Arnult‘um
1066 2794 1282 2898 deiecerant,

226 2911 481 2986 etGerbertum
497 2911 765 2984 ordinaverant.
786 2912 884 2984 Misit
899 2940 1042 3013 quoque
1059 2915 1215 2989 Leonem
1227 2910 1286 2983 ab·

227 3025 337 3101 batem
354 3056 372 3098 a
392 3028 472 3101 sede
492 3030 685 3127 apostolica
704 3028 748 3101 ad
764 3027 940 3102 domnum
959 3033 1141 3106 Sewinum
1164 3029 1288 3103 archi-

229 3145 426 3243 episcopum
445 3145 545 3219 urbis
569 3148 776 3234 Senonicae,
793 3150 854 3248 qui
870 3150 948 3222 rice
969 3177 1029 3221 sua
1054 3150 1089 3221 in
1113 3147 1202 3221 urbe
1216 3149 1289 3220 lle-

232 3265 334 3334 mensi
368 3262 545 3359 synodum
578 3282 833 3365 congregarem
867 3265 1038 3339 mandans
1063 3267 1113 3338 illi
1149 3282 1190 3338 ut
1214 3267 1290 3339 sine

235 3373 393 3451 dilatione
407 3395 592 3451 revocaret
608 3378 652 3452 de
669 3407 811 3454 carcere
829 3382 1042 3470 Arnullum,
1062 3397 1098 3453 et
1115 3379 1291 3481 degrada-

239 3508 284 3562 ret
313 3493 545 3607 Gerbgrtum.
573 3495 734 3569 Collecto
763 3498 873 3596 igitur
897 3497 1070 3585 concilio,
1101 3498 1231 3568 iterum
1256 3497 1291 3568 in

240 3608 315 3683 urbe
330 3612 494 3684 Reme'nsi
514 3639 556 3684 ex
571 3615 728 3712 jussione
743 3615 935 3713 apostolica
948 3629 1134 3687 revocatus
1151 3629 1205 3687 est
1218 3613 1294 3686 Ar-

244 3727 344 3799 nulsus
359 3728 404 3801 de
420 3729 600 3814 custodia,
620 3748 657 3803 et
674 3759 756 3804 cum
774 3732 912 3807 honore
929 3732 1069 3833 magno'
1079 3749 1242 3832 receptus
1256 3733 1294 3804 in

245 3845 372 3941 propria
401 3845 493 3918 sede.
519 3846 717 3920 Gerbertus
745 3866 866 3921 autem
892 3849 1096 3949 intelligens
1117 3848 1216 3950 quod
1234 3849 1295 3919 in-

245 3954 316 4046 juste
335 3963 577 4060 pontificalem
605 3965 817 4065 dignitatem
838 3970 1060 4067 suscepisset,
1080 3963 1296 4066 poenitentia

248 4069 355 4151 luctus
369 4097 435 4151 est.
463 4081 745 4156 Altercationem
769 4110 856 4158 vero
878 4085 1047 4159 Gerberti
1067 4080 1249 4183 pontificis
1263 4096 1299 4153 et

249 4185 358 4269 leonis
371 4197 524 4289 abbatis,
539 4200 641 4273 valde
653 4203 792 4289 utilem,
813 4203 952 4299 plenius
968 4201 1127 4276 invenies
1141 4200 1176 4271 in
1194 4199 1300 4294 gestis
