3046 5244
237 445 401 523 [ssi-son
616 442 732 505 tinen
753 443 911 505 sexsus.
1257 449 1293 507 n

234 574 353 674 fregit.
381 572 486 665 Quod
501 574 654 663 factum,
675 592 714 647 ut
737 573 906 649 omnibus
922 576 1207 650 manifestaretur
1222 578 1300 652 Deo

232 689 470 787 displicuisse,
487 716 560 766 non
584 691 621 763 in
637 689 784 790 longum
798 718 918 790 passus
936 709 989 765 est
1005 693 1160 766 inultum
1177 720 1298 769 rema·

233 833 331 881 nere.
345 808 436 881 Nam
449 824 641 909 antequam
652 835 768 881 annus
776 809 996 899 volveretur,
1010 811 1178 910 praefatus
1188 810 1299 888 bomo

233 924 303 995 rita
320 924 498 1023 privatur.

279 1043 320 1115 ln
349 1041 494 1116 basilica
520 1068 627 1144 qnam
653 1043 759 1116 retuli
783 1020 945 1144 reginam
968 1043 1189 1136 condidisse,
1216 1046 1297 1121 dnus

229 1186 301 1232 arae
312 1175 400 1232 sunt
413 1175 649 1246 consecrare,
668 1186 823 1260 quarum
835 1187 906 1234 una
920 1160 1033 1236 dicata
1049 1180 1103 1237 est
1114 1179 1247 1239 sancta
1260 1179 1298 1237 et

230 1275 424 1350 individuis
441 1277 633 1367 Trinitati,
653 1278 763 1350 alteru
784 1304 874 1353 uero
892 1280 1034 1354 intactae
1051 1280 1212 1381 Virgini,
1230 1280 1296 1355 Dei

229 1394 409 1493 genitrici.
431 1394 561 1467 Fertur
578 1392 675 1495 quod
695 1392 743 1468 ibi
762 1396 870 1471 fuerit
884 1395 1095 1471 coenobium
1107 1398 1297 1471 sanctimo-

229 1511 398 1598 nialium,
420 1538 564 1585 necnon
589 1514 805 1585 cimiterium
836 1512 1099 1588 monachorum
1120 1531 1156 1589 et
1179 1512 1296 1588 subli-

228 1630 341 1701 mium
364 1629 548 1717 virorum,
567 1656 724 1729 qnorum
742 1630 826 1704 illuc
852 1630 1020 1705 cadavera
1043 1630 1296 1732 bajulabantur

227 1745 268 1817 ad
297 1744 561 1844 sepeliendum,
581 1748 665 1846 quia
690 1749 726 1821 in
749 1747 842 1821 valle
861 1748 1028 1846 palustris
1046 1747 1175 1821 liumus
1194 1764 1292 1836 erat,

228 1880 261 1935 et
280 1864 316 1937 in
333 1862 450 1936 hieme
465 1865 593 1963 passim
609 1863 695 1939 dum
713 1863 908 1956 foderetur,
925 1864 1067 1965 lympha
1079 1893 1165 1941 mox
1182 1882 1295 1939 scatu-

227 1979 365 2065 riebat,
388 2007 607 2081 manansque
628 1983 766 2055 foveam
783 1983 862 2056 fons
877 1981 1108 2081 adimplebat.
1133 1981 1237 2056 Unde
1256 1983 1292 2055 in

228 2097 396 2195 praedicta
415 2097 491 2172 rede
508 2099 669 2198 Virginis
682 2098 807 2171 Matris
819 2099 973 2197 plurima
994 2099 1141 2199 insignis
1155 2095 1293 2170 babita-

229 2213 333 2287 tionis
350 2213 480 2288 indicia
500 2213 719 2313 panduntur,
736 2231 772 2287 et
786 2216 946 2314 usquein
966 2213 1182 2288 hodiernum
1196 2211 1293 2287 diem

227 2330 456 2405 honorabiles
471 2331 603 2407 ibidem
616 2333 786 2432 sarcofagi
803 2348 1005 2419 serrantur,
1028 2331 1089 2431 qui
1111 2328 1293 2429 spectabi-

228 2446 312 2520 lium
337 2450 441 2520 fuisse
463 2475 699 2548 personarum
721 2450 797 2522 sine
813 2447 983 2547 scrupulo
1000 2446 1211 2520 creduntur.
1231 2447 1294 2519 llis

227 2565 272 2635 ita
293 2591 330 2636 se
354 2565 589 2652 habentibus,
620 2564 662 2637 ad
687 2592 725 2639 ea
754 2563 933 2639 narranda
958 2590 1039 2665 quoe
1067 2580 1204 2636 restant
1229 2587 1294 2636 ve-

227 2683 377 2755 niamus.

271 2803 338 2875 vir
355 2802 431 2875 Deo
444 2805 589 2902 plenus,
606 2820 645 2875 ut
659 2803 897 2903 frequentiam
910 2801 953 2876 ad
970 2830 1006 2876 se
1022 2802 1293 2875 adventantium

228 2948 260 2991 se
273 2921 369 2991 ferre
385 2948 457 2992 non
479 2948 578 3019 posse
592 2919 700 3007 vidit,
719 2948 823 2994 suum
835 2920 944 3021 digne
961 2921 1219 2994 monasterium
1231 2944 1293 2991 or-

226 3040 376 3124 dinavit,
390 3041 543 3112 latenter
558 3037 639 3111 inde
652 3041 806 3127 secessit,
822 3056 858 3112 et
876 3042 911 3113 in
929 3057 1050 3139 crypta
1065 3037 1216 3140 quadam
1229 3063 1294 3136 per

228 3177 422 3231 tresannos
441 3159 486 3229 ita
512 3156 673 3243 delituit,
693 3160 862 3258 quatinus
878 3159 1014 3231 anullo
1033 3157 1292 3230 monachorum

228 3280 365 3376 penitus
390 3283 553 3360 sciretur,
582 3294 730 3375 excepto
756 3304 830 3349 nno
859 3279 1005 3350 nomine
1040 3274 1203 3365 Malcho,
1230 3275 1295 3375 qui

230 3394 355 3467 liliolus
386 3395 455 3466 viri
482 3394 546 3469 llei
573 3411 667 3482 erat,
693 3395 901 3497 caeterisque
932 3394 1144 3466 familiarior
1165 3419 1293 3465 arcana

228 3513 296 3609 ejus
320 3528 484 3584 noverat.
508 3512 639 3610 Crypta
662 3537 748 3585 vero
764 3515 832 3584 sub
854 3528 978 3586 monte
989 3510 1164 3585 frondoso
1181 3535 1295 3609 prope

232 3630 381 3702 rivulum
399 3646 495 3720 erat,
510 3647 547 3703 et
563 3658 582 3702 a
604 3633 822 3705 monasterio
838 3632 911 3703 fere
922 3629 1068 3702 dimidia
1082 3630 1183 3729 leuga
1195 3629 1296 3702 dista·

232 3744 287 3819 bat
301 3752 372 3847 (1).
391 3748 562 3823 Diabolus
581 3766 713 3839 antem,
732 3751 896 3822 omnium
913 3749 1095 3823 bonorum
1112 3748 1291 3837 inimicus,

233 3865 346 3940 ridens
369 3870 496 3940 fratres
516 3866 674 3941 inbonis
694 3895 897 3941 excrescere
913 3866 1102 3967 operibns,
1123 3866 1220 3938 nisus
1242 3881 1294 3936 cst

241 4048 449 4063 ''Q——

267 4148 296 4214 'tl
317 4148 399 4200 tls-tn·
420 4158 515 4217 erupti·
534 4148 599 4201 ‹itait
616 4146 822 4216 prnlnlrlenrrnt
846 4147 913 4200 stans
932 4148 957 4201 lc
977 4146 1114 4212 roisinngr
1136 4144 1170 4196 cli·
1184 4143 1208 4197 la
1231 4144 1291 4197 fon-

239 4223 532 4289 tartesson-tziroun.
