3046 5244
60 432 170 513 [tosa]
433 426 760 493 tranaocravus.
1075 430 1139 496 aas

60 562 140 637 lllic
163 583 292 658 nempe
310 559 515 661 plusquam
533 560 639 635 civile
659 559 797 634 bellum
826 560 923 635 inter
945 560 1139 662 opulentos

59 680 188 753 fratrea
205 691 374 748 exortum
398 692 469 764 est,
492 691 529 749 et
550 676 708 777 maligna
731 674 971 776 superbarum
988 678 1140 751 aemula-

60 798 161 871 tione
179 794 373 868 mulierum
388 793 525 867 malitia
543 794 651 868 nimis
665 811 894 895 augmentata
908 811 975 869 est.
994 794 1139 870 Heluian

61 936 219 1015 namque
241 912 419 985 comitissa
439 916 452 1009 (
459 911 493 1011 1)
513 928 640 985 contra
657 911 831 987 lsabelem
847 911 893 986 de
909 910 1066 989 Concbis
1082 912 1140 1012 (a)

60 1027 355 1135 proquibusdam
365 1030 635 1104 contumeliosis
643 1028 765 1104 verbis
776 1030 864 1105 inta
877 1031 1143 1122 est,comitem·

59 1175 131 1251 que
149 1146 385 1221 Guillelmum
407 1148 463 1244 (3)
489 1172 573 1222 cum
590 1144 791 1221 baronibus
807 1147 879 1221 suis
896 1148 1050 1221 inerma
1072 1170 1142 1247 per

61 1265 155 1337 iram
182 1286 413 1336 commovere
444 1263 529 1337 totis
556 1260 694 1336 viribus
725 1277 851 1337 conata
882 1278 947 1336 est.
980 1260 1040 1337 Sic
1075 1287 1142 1362 per

60 1381 279 1481 suspiciones
302 1395 338 1452 et
365 1379 478 1479 litigia
504 1379 723 1455 feminarum
754 1380 792 1454 in
819 1382 943 1455 lurore
971 1404 1141 1454 succensa

60 1515 146 1572 sont
166 1498 318 1571 tortium
340 1481 448 1571 coiula
472 1496 657 1587 virorum,
673 1522 832 1600 quornm
848 1496 1016 1572 manibus
1032 1498 1142 1598 paulo

60 1628 143 1714 post
159 1613 296 1687 multus
306 1629 436 1687 mutuo
449 1638 561 1689 cruor
571 1613 704 1689 effusus
714 1613 990 1689 estmortalium
998 1668 1010 1704 ,
1024 1630 1062 1688 et
1075 1639 1143 1714 per

61 1733 165 1808 villas
181 1750 218 1806 et
231 1734 329 1806 vicos
345 1732 544 1807 multarum
561 1733 705 1807 incensa
722 1748 808 1806 sunt
820 1749 912 1807 tecta
929 1729 1137 1808 domorum.

62 1848 193 1923 Amboe
209 1850 396 1941 mulieres,
413 1877 496 1953 quae
514 1850 597 1924 talia
622 1850 716 1925 bella
733 1848 897 1941 ciebant,
920 1851 1087 1953 loquaces
1104 1865 1141 1924 et

60 1969 233 2043 animosae
256 1994 298 2041 ac
322 1967 438 2041 lorma
471 1969 653 2069 elegantes
680 1986 802 2058 erant,
832 1970 975 2071 suisque
1001 1968 1141 2043 maritis
1250 1954 1256 1963 ’

62 2078 309 2184 imperabant,
328 2082 490 2159 subditos
513 2084 676 2159 homines
701 2083 937 2185 premebant,
961 2084 1140 2186 variisque

60 2200 179 2275 modis
195 2200 393 2277 terrebant.
416 2202 547 2302 Magna
562 2218 683 2276 tamen
708 2203 745 2276 iu
768 2200 900 2276 eisdem
919 2227 1064 2278 morum
1079 2202 1138 2275 (Ιὶ-
1168 2232 1179 2253 .

63 2321 211 2394 versitas
235 2336 324 2392 erat.
343 2320 486 2394 Helvisa
508 2317 653 2421 quidem
676 2320 790 2395 solers
815 2337 893 2394 erat
909 2336 947 2396 et
966 2318 1139 2409 laeunda,

61 2433 123 2508 aad
141 2451 247 2509 atrox
266 2452 302 2508 et
318 2463 437 2510 avara·
458 2434 569 2509 lsabel
586 2461 674 2511 vero
691 2434 837 2537 dapsilis
851 2453 888 2510 et
901 2435 1015 2509 audax
1032 2452 1141 2537 atque

58 2552 200 2653 jocosa,
222 2551 373 2654 ideoque
386 2553 628 2627 coessentibus
647 2551 813 2627 amabilis
828 2570 864 2626 et
880 2569 996 2654 grata.
1015 2554 1058 2625 lu
1073 2577 1140 2626 ex·

63 2669 247 2771 peditione
267 2672 361 2745 inter
379 2672 529 2762 milites,
551 2688 591 2745 ut
607 2671 712 2745 miles
729 2669 916 2773 equitabat
929 2687 1085 2760 armata,
1103 2687 1142 2745 et

63 2786 222 2861 loricatis
235 2786 416 2889 equitibus
429 2816 471 2863 ac
486 2790 670 2890 spiculatis
685 2788 900 2865 satellitibus
912 2814 988 2863 non
1003 2787 1140 2863 minori

63 2905 257 3006 praestabat
273 2907 437 2993 audacia,
457 2935 567 3008 quam
582 2905 691 2982 decus
708 2909 821 2981 ltaliae
838 2908 955 2983 'l'urni
969 2908 1141 3006 manipu-

64 3019 200 3095 laribus
222 3024 328 3122 virgo
350 3023 513 3096 Camilla.
542 3024 796 3098 AEmulabatur
817 3021 1086 3125 lampedonem
1104 3038 1141 3097 et

64 3136 329 3236 Marseppiam,
367 3140 585 3237 Hippolyten
620 3157 657 3213 et
688 3137 948 3231 Pentesileam,
981 3139 1140 3239 aliasque

64 3256 206 3354 reginas
241 3255 464 3329 Amazonum
495 3254 717 3346 bellatrices,
753 3282 908 3358 qtramm
941 3258 1140 3331 certamina

64 3372 255 3473 Pompeius
280 3374 421 3473 Trogus
452 3391 489 3447 et
513 3376 615 3447 illaro
640 3374 814 3473 Virgilius
845 3376 1025 3461 referunt,
1055 3373 1140 3447 alii-

63 3517 132 3591 que
155 3491 390 3565 historiarum
410 3493 604 3590 scriptores
610 3521 622 3583 ς
642 3491 775 3593 quibus
795 3493 1024 3564 attinuerunt
1043 3491 1139 3567 Asiae

99 3783 139 3844 (ι)
154 3776 279 3845 llolvise,
297 3778 352 3831 fita·
367 3778 402 3833 «le
415 3778 592 3846 Guillaume,
607 3789 700 3834 comte
711 3778 747 3834 de
763 3778 883 3846 Neaera,
896 3778 998 3834 lemme
1009 3776 1141 3835 deGuil-

65 3863 169 3931 home,
184 3877 276 3920 comta
288 3858 438 3935 d‘Euuox,
454 3879 568 3922 naourut
579 3887 615 3923 en
631 3872 708 3935 saal.

100 3958 139 4024 (ap.
157 3955 269 4009 lsalullc
283 3975 319 4008 ou
337 3946 477 4011 Elisabeth
494 3957 529 4012 dc
547 3957 848 4025 stantfort-tumori,
865 3956 921 4014 lille
936 3957 972 4013 de
984 3959 1081 4015 Simon
1095 3958 1138 4023 1⁸¹,

67 4045 196 4116 seigneur
208 4044 243 4100 dc
256 4045 408 4113 montfort,
424 4048 526 4103 lemme
539 4047 574 4104 de
587 4048 691 4118 Raoul,
706 4048 853 4106 ‹lensiume
865 4048 905 4106 do
915 4067 996 4115 nom,
1009 4049 1140 4121 seignour

68 4130 101 4187 ale
113 4133 243 4188 Conclacs
257 4145 286 4188 et
298 4134 334 4188 dc
348 4135 448 4190 Toeni.

101 4222 141 4295 (5)
154 4223 332 4290 Guillaumc,
347 4238 438 4283 comte
451 4214 596 4283 d’llvreux.
