3046 5244
450 434 567 496 LlBEll
587 434 745 497 SEXTUS.
1088 438 1124 501 31

68 583 180 641 nento
202 564 396 654 Nicolaus,
407 565 583 667 Rogcrius
604 583 641 640 et
654 566 746 639 Odo.
765 567 810 638 lli
826 568 971 640 luerunt
986 567 1049 641 lilii
1066 596 1128 642 cu·

61 682 191 785 judam
203 681 406 783 presbyteri
419 684 565 757 nomine
577 683 736 756 Gerrasii
748 681 1124 783 deMonasteroloq'r),

64 829 164 906 quem
173 800 421 877 Theodericus
435 798 760 902 abbasjamdudum
770 799 816 874 de
827 801 937 874 Sartis
950 803 1006 901 (a)
1018 820 1127 879 trans·

66 922 138 997 tulit
154 920 202 993 ad
219 918 416 1020 regendam
428 918 612 993 dioecesim
623 918 667 992 dc
678 919 796 1019 Sappo
812 920 880 1019 (ὅ).
896 920 986 993 Tres
1009 922 1128 1021 itaque

64 1039 223 1142 predicti
240 1040 370 1114 iratres
386 1039 430 1112 ad
447 1040 720 1113 conversionem
747 1039 784 1112 in
801 1042 991 1139 juventute
1013 1066 1128 1115 vene-

65 1174 165 1247 rant,
184 1154 348 1230 ethonis
370 1156 532 1230 moribus
553 1156 650 1229 inter
672 1157 801 1228 fratres
825 1156 1027 1255 pollentes,
1050 1158 1127 1231 Deo

64 1276 149 1375 grati
164 1291 204 1347 et
215 1272 424 1347 homiuibus
438 1272 550 1346 habiti
565 1290 661 1347 sunt.
681 1274 823 1346 Primus
841 1300 969 1347 eorum
982 1275 1128 1348 illitera-

65 1410 134 1479 tus,
151 1391 217 1465 sed
228 1390 386 1465 lerridus
400 1407 539 1465 amator
556 1391 699 1464 virtutis
716 1407 813 1480 erat3
837 1414 1013 1493 novoeque
1035 1391 1128 1465 basi-

66 1511 157 1595 licae,
175 1535 260 1610 quoe
278 1507 571 1597 construebatur,
589 1508 689 1606 operi
705 1508 857 1581 solerter
870 1526 1037 1607 praeerat.
1056 1510 1126 1582 Alii

64 1624 129 1700 duo
150 1641 257 1698 erant
274 1625 498 1725 grammatici
514 1642 552 1698 et
567 1624 766 1699 sacerdotes
785 1626 988 1722 conspicui,
1013 1625 1126 1699 abha-

67 1745 173 1843 lisque
190 1743 246 1814 sui
265 1741 443 1841 adjutores
463 1743 598 1816 streuui
608 1798 618 1831 ,
639 1759 676 1815 et
693 1745 788 1815 intus
805 1770 844 1816 ac
861 1743 947 1817 loris
974 1744 1127 1818 illustres

66 1861 196 1933 rioerii.
224 1861 395 1934 Praefatur
419 1861 517 1933 enirn
540 1859 821 1933 archimandrita
843 1860 1028 1949 Orlonem,
1062 1865 1123 1963 qui

65 1995 162 2050 atate
176 1978 318 2077 junior,
334 1975 394 2048 sed
411 1975 652 2078 eloquentior,
667 1977 757 2051 etad
772 1978 976 2053 tolerandos
989 1978 1128 2054 labores

63 2111 134 2166 erat
151 2093 351 2183 robustior,
368 2096 526 2192 priorem
537 2096 744 2168 monasterii
762 2096 815 2167 sui
836 2097 1034 2169 coustituit.
1050 2096 1127 2169 Ro-

62 2213 200 2308 getium
212 2237 318 2299 rero,
337 2212 398 2311 qui
411 2226 516 2284 aetate
527 2228 563 2283 et
579 2210 781 2285 eruditione
794 2214 995 2285 litterarum
1012 2216 1128 2314 major

62 2343 157 2412 erat,
185 2329 222 2400 iu
237 2327 406 2426 Angliam
428 2353 496 2425 pro
522 2328 736 2401 utilitatibus
757 2329 1000 2402 ecclesiasticis
1014 2327 1126 2402 desti-

63 2446 170 2518 narit.
191 2446 271 2544 lpse
292 2460 411 2518 autem
431 2443 523 2518 haud
541 2447 701 2545 segniter
718 2448 810 2546 jussa
834 2447 995 2546 magistri
1022 2474 1127 2522 com-

63 2565 191 2660 plevit,
216 2580 253 2637 et
273 2590 432 2662 capsam,
462 2565 498 2636 in
520 2590 590 2665 qua
620 2565 783 2665 reliquiae
807 2566 1023 2639 Sanctorum
1046 2580 1127 2665 apte

63 2681 319 2770 conderentur,
339 2681 592 2778 procuratione
606 2707 667 2753 sua
687 2679 892 2770 labricavit,
913 2710 1022 2783 quam
1038 2709 1128 2756 auro

63 2815 282 2898 argentoque
298 2800 450 2872 comiter
473 2800 631 2872 ornarit.
658 2800 810 2874 Solertia
831 2801 950 2901 itaque
973 2828 1034 2872 sua
1061 2827 1125 2874 ec-

63 2916 173 2989 ete-iae
192 2941 267 2988 suae
285 2931 407 2989 nactus
431 2933 484 2990 cst
507 2917 663 3015 plurima
689 2914 785 2991 bona
806 2919 966 2990 :variam
991 2918 1127 2991 scilicet

63 3034 316 3131 supellectilem
338 3050 373 3105 et
393 3050 581 3106 cantorum
602 3062 729 3133 cappas
755 3053 861 3135 atque
888 3052 1017 3124 vestes,
1040 3064 1126 3109 cau-

62 3146 203 3221 delabra
219 3165 257 3222 et
269 3167 456 3250 argenteos
473 3152 617 3241 calices,
639 3152 796 3253 aliosque
815 3169 983 3240 ornatus,
1002 3152 1125 3225 divino

65 3268 169 3338 cultui
194 3284 446 3368 congruentes.
474 3269 564 3341 Erat
586 3270 683 3343 euim
700 3270 796 3341 mitis
815 3286 851 3343 et
866 3269 1065 3359 modestus,
1087 3272 1123 3343 iu

65 3380 141 3456 cibo
155 3401 191 3456 et
205 3401 295 3483 potu
309 3411 507 3486 somnoque
520 3385 679 3477 sobrius,
694 3403 729 3459 et
741 3413 808 3485 pro
821 3387 948 3460 inolita
959 3413 1125 3459 mansue-

67 3500 181 3574 tudine
209 3501 372 3575 amabilis
399 3501 580 3575 omnibus.
608 3504 677 3577 Per
704 3502 841 3577 diversa
875 3506 985 3604 igitur
1010 3507 1124 3579 ollicia

68 3638 108 3687 xx
120 3619 235 3706 anuis,
252 3635 294 3690 ut
306 3617 398 3693 ordo
412 3620 628 3692 monasticus
641 3621 766 3721 exigit,
782 3622 997 3694 exercitatus
1010 3637 1073 3710 est,
1089 3638 1125 3693 ct

113 3968 119 3999 r
125 3988 132 4017 ,
146 3950 472 4023 llontrcuil-l'Argillier.

101 4042 133 4107 ‘al
146 4041 191 4095 tas
206 4043 493 4112 baruca-(luem,
510 4064 656 4101 commune
672 4049 757 4120 petite
771 4059 800 4101 ct
812 4065 928 4119 pauvre,
943 4043 1122 4117 aujourd'lrui

75 4131 181 4185 :mnici
197 4133 368 4188 l'crucuces.

112 4214 137 4283 3)
149 4221 180 4273 lk·
192 4223 253 4295 Sap.
