3046 5244
82 430 192 507 [nnn
456 424 573 486 rausa
594 424 783 486 ocravns.
1091 428 1153 491 aaa

82 587 163 633 mrrs
179 557 275 631 enim
294 555 460 644 daemon,
476 557 538 659 qui
553 580 662 655 super
676 554 843 629 eumdem
862 572 1032 631 truncum
1048 554 1153 632 sede-

81 677 161 767 bat,
179 675 291 775 igneis
305 673 503 749 calcaribus
519 676 557 747 in
575 673 707 747 lumbis
723 690 760 746 ct
773 690 877 773 tergo
894 675 1154 775 sanguinolen-

81 811 160 866 tum
175 794 383 891 importune
398 788 618 863 stimulabat.
635 792 740 863 Hunc
752 792 915 889 prolecto
928 791 1155 867 Galchelmua

83 912 352 984 interfectorem
369 907 539 1007 Stephani
553 905 752 1007 presbyteri
766 909 998 1009 recognovit,
1013 924 1051 982 et
1065 910 1157 984 into·

83 1027 282 1102 lerabiliter
313 1026 466 1100 cruciari
497 1052 566 1125 pro
604 1026 807 1099 innocentis
843 1026 1016 1127 sanguine
1043 1026 1152 1118 vidit,

82 1172 192 1246 quem
217 1160 300 1217 ante
316 1143 505 1217 biennium
529 1143 622 1217 idem
640 1140 787 1231 effudit,
813 1158 850 1215 ct
866 1142 957 1215 tanti
975 1169 1049 1217 non
1067 1168 1156 1244 per-

83 1278 160 1334 acta
179 1260 395 1359 poenitentia
414 1258 544 1358 piaculi
559 1257 713 1331 obierat.

132 1377 271 1451 Deinde
289 1376 420 1451 cohors
431 1377 626 1449 mulierum
638 1391 756 1448 secuta
769 1391 836 1464 est,
851 1378 950 1476 cujus
960 1377 1158 1452 multitudo

84 1492 361 1567 innumerabilis
393 1490 605 1591 presbytero
644 1492 717 1563 visa
747 1507 814 1564 est.
849 1491 1020 1567 Femineo
1054 1518 1158 1567 more

82 1611 312 1713 equitabant,
331 1612 417 1684 etin
432 1609 646 1684 mulieribus
657 1610 753 1683 sellis
764 1609 955 1700 sedebant,
974 1613 1011 1684 in
1027 1612 1159 1713 quibus

82 1733 173 1807 clari
192 1729 358 1804 ardentes
371 1728 431 1802 snri
449 1745 566 1802 erant.
587 1729 815 1829 Frerprenter
830 1753 887 1802 eas
899 1746 1028 1802 ventus
1043 1731 1158 1829 spatio

82 1848 182 1948 quasi
201 1845 314 1921 cubiti
333 1846 438 1918 unius
452 1843 681 1935 sublevabat,
704 1860 740 1917 et
757 1872 841 1917 mox
857 1870 965 1944 super
980 1844 1082 1919 sudes
1096 1871 1160 1920 re·

84 1965 156 2037 labi
174 1963 327 2037 sinebat.
351 1963 427 2036 lllae
444 1980 563 2036 autem
583 1961 819 2036 candentibus
838 1962 947 2036 clavis
962 1963 999 2035 in
1016 1963 1160 2036 natibus

85 2078 384 2166 vulnerabantur,
405 2095 440 2152 et
455 2076 713 2178 punctionibus
730 2105 770 2151 ac
784 2075 971 2150 adustione
994 2076 1160 2151 horribi-

86 2200 169 2271 liter
180 2215 303 2284 tortae,
318 2225 373 2271 voe
382 2200 395 2268 !
406 2200 484 2268 ver!
495 2194 798 2283 vociferabantur,
812 2210 848 2267 et
861 2194 991 2295 llagitia
1002 2221 1070 2295 pro
1079 2196 1161 2296 qui-

85 2315 153 2388 bus
165 2317 215 2388 sic
227 2341 355 2414 poenas
366 2312 532 2402 luebant,
546 2313 667 2413 palam
679 2312 898 2387 fatebantur.
913 2314 972 2388 Sic
986 2314 1160 2386 nimirum

85 2460 155 2533 pro
192 2431 369 2506 illecebris
407 2447 444 2505 et
476 2429 775 2505 delectationibus
808 2430 996 2521 obscenis,
1029 2430 1160 2532 quibus

86 2553 183 2625 inter
210 2551 380 2624 mortales
399 2549 632 2623 immoderate
647 2549 873 2637 fruebantur,
894 2576 991 2623 nunc
1009 2551 1107 2649 ignes
1123 2566 1161 2623 et

83 2670 251 2756 loetores,
270 2684 307 2741 ct
323 2667 391 2739 alia
414 2667 643 2769 pluraquam
663 2668 789 2740 referri
807 2669 963 2767 possint,
987 2666 1160 2766 supplicia

82 2784 162 2858 dire
176 2787 377 2884 patiuntur,
394 2801 430 2857 et
446 2787 618 2885 ejulantes
630 2784 826 2858 miserabili
840 2811 928 2859 voce
940 2810 1069 2884 poenas
1081 2810 1160 2856 suas

84 2903 256 2974 latentur.
286 2904 326 2974 ln
352 2902 421 2975 hoc
442 2903 585 3003 agmine
610 2902 780 3002 praelatus
802 2900 966 2975 sacerdos
989 2898 1159 2994 quasdam

87 3018 228 3091 nobiles
243 3019 392 3094 seminas
409 3022 641 3121 recognovit,
656 3037 693 3094 et
710 3021 925 3108 multarum,
941 3048 1022 3121 quae
1037 3020 1161 3093 vitales

87 3134 202 3207 adbuc
217 3137 411 3236 carpebant
428 3166 551 3224 auras,
567 3164 720 3210 mannos
736 3155 772 3209 ct
790 3139 903 3210 mulas
921 3166 1003 3210 cum
1021 3136 1162 3211 sambu-

89 3253 138 3324 cis
150 3253 389 3327 muliebribus
404 3258 419 3353 (
428 3259 459 3353 r)
474 3256 671 3354 prospexit.

137 3373 241 3444 Stans
267 3372 453 3472 presbyter
473 3372 603 3445 talibus
622 3375 702 3445 risis
726 3374 964 3461 contremuit,
985 3390 1021 3445 et
1050 3372 1162 3446 multa

90 3517 210 3564 sernm
228 3491 415 3564 revolvere
430 3493 555 3589 coepit.
576 3490 659 3564 Non
678 3491 793 3563 multo
811 3509 912 3590 post,
930 3516 1163 3565 numerosum

91 3634 217 3707 agmen
235 3607 451 3682 clericorum
468 3626 504 3682 et
516 3608 950 3710 monachorum,jutlices
962 3625 1070 3711 atquc
1083 3635 1163 3682 rec-

92 3741 185 3797 tores
211 3751 359 3813 eorum,
380 3728 566 3825 episcopos
583 3744 619 3800 et
644 3726 790 3798 abbates
817 3754 899 3800 cum
923 3726 1163 3827 pastoralibus

93 3840 266 3911 mmbntis
294 3839 460 3914 advertit.
491 3842 621 3915 Clerici
651 3858 688 3915 et
710 3842 866 3943 episcopi
902 3845 1015 3945 nigris
1042 3842 1163 3939 cappis

93 3954 205 4027 induti
222 3975 338 4029 erant.
355 3958 518 4031 llonacbi
534 3985 678 4059 quoquc
691 3975 727 4032 et
744 3959 889 4033 abbates
908 3961 1020 4061 nigris
1034 3956 1163 4031 nibilo-

204 4134 271 4140 '‘¹—
285 4134 317 4142 “
330 4135 361 4142 ''-
749 4136 882 4146 ——u-n

128 4218 166 4283 (r)
180 4218 229 4269 bes
241 4218 361 4271 clrcranr
376 4230 401 4271 rt
418 4220 454 4271 lrs
468 4220 569 4285 rnnlcs,
583 4219 705 4274 accedes
718 4219 822 4275 litii·rrs
834 4224 848 4272 ξι
861 4219 963 4291 l'nsage
973 4217 1022 4270 ‹lcs
1034 4218 1160 4271 lanrmcs.

167 4330 222 4378 ιιι.
971 4316 1016 4399 24
