<?xml version="1.0" encoding="UTF-8"?>
<!DOCTYPE html PUBLIC "-//W3C//DTD XHTML 1.0 Transitional//EN"
    "http://www.w3.org/TR/xhtml1/DTD/xhtml1-transitional.dtd">
<html xmlns="http://www.w3.org/1999/xhtml" xml:lang="en" lang="en">
 <head>
  <title>
</title>
<meta http-equiv="Content-Type" content="text/html;charset=utf-8" />
  <meta name='ocr-system' content='tesseract 3.04.00' />
  <meta name='ocr-capabilities' content='ocr_page ocr_carea ocr_par ocr_line ocrx_word'/>
</head>
<body>
  <div class='ocr_page' id='page_1' title='image "./ordericivitalis00deligoog_0288.png"; bbox 0 0 3046 5244; ppageno 0'>
   <div class='ocr_carea' id='block_1_1' title="bbox 104 450 1162 537">
    <p class='ocr_par' dir='ltr' id='par_1_1' title="bbox 104 450 1162 537">
     <span class='ocr_line' id='line_1_1' title="bbox 104 450 1162 537; baseline -0.006 -20"><span class='ocrx_word' id='word_1_1' title='bbox 104 452 214 537; x_wconf 80' lang='lat' dir='ltr'>[ross]</span> <span class='ocrx_word' id='word_1_2' title='bbox 468 450 585 513; x_wconf 76' lang='lat' dir='ltr'>tinen</span> <span class='ocrx_word' id='word_1_3' title='bbox 605 450 792 513; x_wconf 78' lang='lat' dir='ltr'>ocrsvns.</span> <span class='ocrx_word' id='word_1_4' title='bbox 1100 458 1162 521; x_wconf 62' lang='grc' dir='ltr'>ιιι</span> 
     </span>
    </p>
   </div>
   <div class='ocr_carea' id='block_1_2' title="bbox 103 578 1236 3577">
    <p class='ocr_par' dir='ltr' id='par_1_2' title="bbox 104 578 1174 2172">
     <span class='ocr_line' id='line_1_2' title="bbox 104 578 1164 683; baseline 0 -25"><span class='ocrx_word' id='word_1_5' title='bbox 104 582 365 670; x_wconf 74' lang='lat' dir='ltr'>mediocribus,</span> <span class='ocrx_word' id='word_1_6' title='bbox 386 578 574 669; x_wconf 84' lang='lat' dir='ltr'>tenebant,</span> <span class='ocrx_word' id='word_1_7' title='bbox 592 581 835 683; x_wconf 87' lang='lat' dir='ltr'>auxiliumque</span> <span class='ocrx_word' id='word_1_8' title='bbox 850 582 1025 657; x_wconf 71' lang='lat' dir='ltr'>liodberti</span> <span class='ocrx_word' id='word_1_9' title='bbox 1041 582 1164 678; x_wconf 88' lang='lat' dir='ltr'>ducis,</span> 
     </span>
     <span class='ocr_line' id='line_1_3' title="bbox 104 694 1167 802; baseline 0 -29"><span class='ocrx_word' id='word_1_10' title='bbox 104 702 166 802; x_wconf 89' lang='lat' dir='ltr'>qui</span> <span class='ocrx_word' id='word_1_11' title='bbox 189 697 322 773; x_wconf 85' lang='lat' dir='ltr'>desidia</span> <span class='ocrx_word' id='word_1_12' title='bbox 345 696 568 797; x_wconf 82' lang='lat' dir='ltr'><strong>mollitieque</strong></span> <span class='ocrx_word' id='word_1_13' title='bbox 585 694 827 787; x_wconf 76' lang='lat' dir='ltr'><strong>detinebatur,</strong></span> <span class='ocrx_word' id='word_1_14' title='bbox 846 697 978 772; x_wconf 87' lang='lat' dir='ltr'>frustra</span> <span class='ocrx_word' id='word_1_15' title='bbox 998 716 1167 800; x_wconf 82' lang='lat' dir='ltr'>expecta-</span> 
     </span>
     <span class='ocr_line' id='line_1_4' title="bbox 105 812 1169 916; baseline 0.002 -28"><span class='ocrx_word' id='word_1_16' title='bbox 105 815 207 889; x_wconf 88' lang='lat' dir='ltr'>bant.</span> <span class='ocrx_word' id='word_1_17' title='bbox 221 814 397 912; x_wconf 82' lang='lat' dir='ltr'>Rogerius</span> <span class='ocrx_word' id='word_1_18' title='bbox 413 837 514 902; x_wconf 83' lang='lat' dir='ltr'>vero,</span> <span class='ocrx_word' id='word_1_19' title='bbox 530 812 749 886; x_wconf 87' lang='lat' dir='ltr'>Merciorum</span> <span class='ocrx_word' id='word_1_20' title='bbox 767 838 885 887; x_wconf 88' lang='lat' dir='ltr'>comes</span> <span class='ocrx_word' id='word_1_21' title='bbox 901 814 976 914; x_wconf 87' lang='grc' dir='ltr'><strong>(ι),</strong></span> <span class='ocrx_word' id='word_1_22' title='bbox 990 814 1169 916; x_wconf 82' lang='lat' dir='ltr'>multique</span> 
     </span>
     <span class='ocr_line' id='line_1_5' title="bbox 105 928 1169 1030; baseline 0 -25"><span class='ocrx_word' id='word_1_23' title='bbox 105 933 419 1019; x_wconf 85' lang='lat' dir='ltr'>Normannorum,</span> <span class='ocrx_word' id='word_1_24' title='bbox 442 930 505 1030; x_wconf 87' lang='lat' dir='ltr'>qui</span> <span class='ocrx_word' id='word_1_25' title='bbox 523 954 607 1003; x_wconf 89' lang='lat' dir='ltr'>cum</span> <span class='ocrx_word' id='word_1_26' title='bbox 624 954 708 1029; x_wconf 90' lang='lat' dir='ltr'>rege</span> <span class='ocrx_word' id='word_1_27' title='bbox 723 929 809 1003; x_wconf 88' lang='lat' dir='ltr'>foris</span> <span class='ocrx_word' id='word_1_28' title='bbox 825 928 1055 1022; x_wconf 81' lang='lat' dir='ltr'>obsidebant,</span> <span class='ocrx_word' id='word_1_29' title='bbox 1075 932 1169 1005; x_wconf 88' lang='lat' dir='ltr'>clam</span> 
     </span>
     <span class='ocr_line' id='line_1_6' title="bbox 105 1047 1167 1149; baseline -0.003 -25"><span class='ocrx_word' id='word_1_30' title='bbox 105 1047 353 1124; x_wconf 84' lang='lat' dir='ltr'>adminiculari</span> <span class='ocrx_word' id='word_1_31' title='bbox 379 1062 555 1147; x_wconf 88' lang='lat' dir='ltr'>quantum</span> <span class='ocrx_word' id='word_1_32' title='bbox 578 1062 748 1146; x_wconf 79' lang='lat' dir='ltr'>poterant</span> <span class='ocrx_word' id='word_1_33' title='bbox 777 1048 920 1121; x_wconf 75' lang='lat' dir='ltr'>inclusis</span> <span class='ocrx_word' id='word_1_34' title='bbox 947 1047 1167 1149; x_wconf 74' lang='lat' dir='ltr'>satagebant.</span> 
     </span>
     <span class='ocr_line' id='line_1_7' title="bbox 105 1165 1167 1265; baseline -0.002 -25"><span class='ocrx_word' id='word_1_35' title='bbox 105 1167 187 1242; x_wconf 90' lang='lat' dir='ltr'>Non</span> <span class='ocrx_word' id='word_1_36' title='bbox 202 1183 321 1239; x_wconf 89' lang='lat' dir='ltr'>tamen</span> <span class='ocrx_word' id='word_1_37' title='bbox 333 1165 450 1264; x_wconf 88' lang='lat' dir='ltr'>palam</span> <span class='ocrx_word' id='word_1_38' title='bbox 462 1180 587 1238; x_wconf 90' lang='lat' dir='ltr'>contra</span> <span class='ocrx_word' id='word_1_39' title='bbox 600 1189 722 1265; x_wconf 86' lang='lat' dir='ltr'>regem</span> <span class='ocrx_word' id='word_1_40' title='bbox 734 1190 833 1238; x_wconf 85' lang='lat' dir='ltr'>arma</span> <span class='ocrx_word' id='word_1_41' title='bbox 847 1166 965 1240; x_wconf 85' lang='lat' dir='ltr'>levare</span> <span class='ocrx_word' id='word_1_42' title='bbox 975 1165 1167 1240; x_wconf 80' lang='lat' dir='ltr'>audebant.</span> 
     </span>
     <span class='ocr_line' id='line_1_8' title="bbox 106 1278 1171 1382; baseline -0.001 -25"><span class='ocrx_word' id='word_1_43' title='bbox 106 1283 237 1357; x_wconf 84' lang='lat' dir='ltr'>Omnes</span> <span class='ocrx_word' id='word_1_44' title='bbox 257 1281 414 1380; x_wconf 80' lang='lat' dir='ltr'>episcopi</span> <span class='ocrx_word' id='word_1_45' title='bbox 439 1280 582 1380; x_wconf 82' lang='lat' dir='ltr'>Angliae</span> <span class='ocrx_word' id='word_1_46' title='bbox 602 1306 684 1354; x_wconf 92' lang='lat' dir='ltr'>cum</span> <span class='ocrx_word' id='word_1_47' title='bbox 704 1278 831 1380; x_wconf 80' lang='lat' dir='ltr'>duglis</span> <span class='ocrx_word' id='word_1_48' title='bbox 851 1283 928 1356; x_wconf 88' lang='lat' dir='ltr'>sine</span> <span class='ocrx_word' id='word_1_49' title='bbox 943 1281 1029 1356; x_wconf 93' lang='lat' dir='ltr'>dolo</span> <span class='ocrx_word' id='word_1_50' title='bbox 1047 1307 1171 1382; x_wconf 89' lang='lat' dir='ltr'>regem</span> 
     </span>
     <span class='ocr_line' id='line_1_9' title="bbox 107 1396 1171 1499; baseline 0.003 -29"><span class='ocrx_word' id='word_1_51' title='bbox 107 1396 292 1498; x_wconf 79' lang='lat' dir='ltr'>juvabunt,</span> <span class='ocrx_word' id='word_1_52' title='bbox 313 1414 349 1469; x_wconf 88' lang='lat' dir='ltr'>et</span> <span class='ocrx_word' id='word_1_53' title='bbox 366 1422 434 1495; x_wconf 89' lang='lat' dir='ltr'>pro</span> <span class='ocrx_word' id='word_1_54' title='bbox 450 1421 572 1470; x_wconf 86' lang='lat' dir='ltr'>serena</span> <span class='ocrx_word' id='word_1_55' title='bbox 589 1397 718 1497; x_wconf 80' lang='lat' dir='ltr'>putriae</span> <span class='ocrx_word' id='word_1_56' title='bbox 731 1422 837 1498; x_wconf 85' lang='lat' dir='ltr'>pace,</span> <span class='ocrx_word' id='word_1_57' title='bbox 856 1424 939 1499; x_wconf 85' lang='lat' dir='ltr'>quae</span> <span class='ocrx_word' id='word_1_58' title='bbox 956 1397 1063 1473; x_wconf 92' lang='lat' dir='ltr'>bonis</span> <span class='ocrx_word' id='word_1_59' title='bbox 1079 1424 1171 1473; x_wconf 88' lang='lat' dir='ltr'>sem·</span> 
     </span>
     <span class='ocr_line' id='line_1_10' title="bbox 107 1513 1168 1616; baseline 0.002 -28"><span class='ocrx_word' id='word_1_60' title='bbox 107 1542 171 1616; x_wconf 87' lang='lat' dir='ltr'>per</span> <span class='ocrx_word' id='word_1_61' title='bbox 186 1516 349 1588; x_wconf 84' lang='lat' dir='ltr'>amabilis</span> <span class='ocrx_word' id='word_1_62' title='bbox 359 1531 428 1603; x_wconf 87' lang='lat' dir='ltr'>est,</span> <span class='ocrx_word' id='word_1_63' title='bbox 445 1513 672 1589; x_wconf 81' lang='lat' dir='ltr'>laborabant.</span> <span class='ocrx_word' id='word_1_64' title='bbox 687 1516 806 1616; x_wconf 86' lang='lat' dir='ltr'>Hugo,</span> <span class='ocrx_word' id='word_1_65' title='bbox 824 1541 942 1591; x_wconf 86' lang='lat' dir='ltr'>comes</span> <span class='ocrx_word' id='word_1_66' title='bbox 953 1517 1168 1606; x_wconf 69' lang='lat' dir='ltr'>Castrensis,</span> 
     </span>
     <span class='ocr_line' id='line_1_11' title="bbox 106 1630 1169 1722; baseline 0 -14"><span class='ocrx_word' id='word_1_67' title='bbox 106 1650 141 1708; x_wconf 87' lang='lat' dir='ltr'>et</span> <span class='ocrx_word' id='word_1_68' title='bbox 152 1632 356 1707; x_wconf 84' lang='lat' dir='ltr'>Rodbertus</span> <span class='ocrx_word' id='word_1_69' title='bbox 366 1631 411 1706; x_wconf 90' lang='lat' dir='ltr'>de</span> <span class='ocrx_word' id='word_1_70' title='bbox 422 1630 617 1721; x_wconf 84' lang='lat' dir='ltr'>Molbraio,</span> <span class='ocrx_word' id='word_1_71' title='bbox 632 1631 1022 1708; x_wconf 89' lang='lat' dir='ltr'>Nordanbumbrorum</span> <span class='ocrx_word' id='word_1_72' title='bbox 1036 1658 1169 1722; x_wconf 84' lang='lat' dir='ltr'>comes,</span> 
     </span>
     <span class='ocr_line' id='line_1_12' title="bbox 107 1747 1173 1836; baseline 0 -14"><span class='ocrx_word' id='word_1_73' title='bbox 107 1767 141 1823; x_wconf 90' lang='lat' dir='ltr'>et</span> <span class='ocrx_word' id='word_1_74' title='bbox 164 1749 386 1821; x_wconf 81' lang='lat' dir='ltr'>Guillermus</span> <span class='ocrx_word' id='word_1_75' title='bbox 408 1747 453 1821; x_wconf 93' lang='lat' dir='ltr'>de</span> <span class='ocrx_word' id='word_1_76' title='bbox 474 1747 686 1836; x_wconf 86' lang='lat' dir='ltr'>Guarennu,</span> <span class='ocrx_word' id='word_1_77' title='bbox 706 1775 746 1821; x_wconf 89' lang='lat' dir='ltr'>ac</span> <span class='ocrx_word' id='word_1_78' title='bbox 767 1747 970 1822; x_wconf 82' lang='lat' dir='ltr'>Rodbertus</span> <span class='ocrx_word' id='word_1_79' title='bbox 987 1749 1173 1824; x_wconf 83' lang='lat' dir='ltr'>Haimonis</span> 
     </span>
     <span class='ocr_line' id='line_1_13' title="bbox 107 1863 1174 1967; baseline 0.001 -29"><span class='ocrx_word' id='word_1_80' title='bbox 107 1865 216 1955; x_wconf 84' lang='lat' dir='ltr'>filius,</span> <span class='ocrx_word' id='word_1_81' title='bbox 232 1865 365 1966; x_wconf 90' lang='lat' dir='ltr'>aliique</span> <span class='ocrx_word' id='word_1_82' title='bbox 378 1866 529 1966; x_wconf 81' lang='lat' dir='ltr'>legitimi</span> <span class='ocrx_word' id='word_1_83' title='bbox 541 1865 745 1966; x_wconf 84' lang='lat' dir='ltr'>maturique</span> <span class='ocrx_word' id='word_1_84' title='bbox 758 1863 911 1941; x_wconf 67' lang='lat' dir='ltr'>barum</span> <span class='ocrx_word' id='word_1_85' title='bbox 925 1867 1002 1967; x_wconf 85' lang='lat' dir='ltr'>regi</span> <span class='ocrx_word' id='word_1_86' title='bbox 1019 1866 1174 1940; x_wconf 89' lang='lat' dir='ltr'>fideliter</span> 
     </span>
     <span class='ocr_line' id='line_1_14' title="bbox 107 1979 1172 2082; baseline 0.004 -29"><span class='ocrx_word' id='word_1_87' title='bbox 107 1979 355 2068; x_wconf 82' lang='lat' dir='ltr'>adbaerebant,</span> <span class='ocrx_word' id='word_1_88' title='bbox 377 1982 482 2082; x_wconf 90' lang='lat' dir='ltr'>eique</span> <span class='ocrx_word' id='word_1_89' title='bbox 503 1982 612 2054; x_wconf 90' lang='lat' dir='ltr'>armis</span> <span class='ocrx_word' id='word_1_90' title='bbox 634 1995 670 2053; x_wconf 90' lang='lat' dir='ltr'>et</span> <span class='ocrx_word' id='word_1_91' title='bbox 690 1982 844 2056; x_wconf 88' lang='lat' dir='ltr'>oonsilio</span> <span class='ocrx_word' id='word_1_92' title='bbox 860 1998 986 2057; x_wconf 84' lang='lat' dir='ltr'>contra</span> <span class='ocrx_word' id='word_1_93' title='bbox 1008 1981 1172 2082; x_wconf 85' lang='lat' dir='ltr'>publicos</span> 
     </span>
     <span class='ocr_line' id='line_1_15' title="bbox 109 2096 625 2172; baseline 0 -3"><span class='ocrx_word' id='word_1_94' title='bbox 109 2096 224 2172; x_wconf 74' lang='lat' dir='ltr'>hostes</span> <span class='ocrx_word' id='word_1_95' title='bbox 241 2096 430 2171; x_wconf 90' lang='lat' dir='ltr'>commode</span> <span class='ocrx_word' id='word_1_96' title='bbox 445 2097 625 2171; x_wconf 84' lang='lat' dir='ltr'>favebant.</span> 
     </span>
    </p>

    <p class='ocr_par' dir='ltr' id='par_1_3' title="bbox 103 2211 1236 3577">
     <span class='ocr_line' id='line_1_16' title="bbox 155 2211 1172 2313; baseline 0 -28"><span class='ocrx_word' id='word_1_97' title='bbox 155 2215 197 2286; x_wconf 91' lang='grc' dir='ltr'>Ιιι</span> <span class='ocrx_word' id='word_1_98' title='bbox 208 2211 346 2312; x_wconf 90' lang='lat' dir='ltr'>oppido</span> <span class='ocrx_word' id='word_1_99' title='bbox 359 2213 518 2288; x_wconf 82' lang='lat' dir='ltr'>Roisensi</span> <span class='ocrx_word' id='word_1_100' title='bbox 533 2213 638 2313; x_wconf 87' lang='lat' dir='ltr'>plaga</span> <span class='ocrx_word' id='word_1_101' title='bbox 652 2213 780 2286; x_wconf 84' lang='lat' dir='ltr'>similis</span> <span class='ocrx_word' id='word_1_102' title='bbox 791 2213 1045 2312; x_wconf 79' lang='lat' dir='ltr'>AEgyptiorum</span> <span class='ocrx_word' id='word_1_103' title='bbox 1057 2213 1172 2312; x_wconf 72' lang='lat' dir='ltr'>plage</span> 
     </span>
     <span class='ocr_line' id='line_1_17' title="bbox 107 2328 1170 2431; baseline 0 -30"><span class='ocrx_word' id='word_1_104' title='bbox 107 2331 289 2429; x_wconf 82' lang='lat' dir='ltr'>apparuit,</span> <span class='ocrx_word' id='word_1_105' title='bbox 309 2356 379 2431; x_wconf 88' lang='lat' dir='ltr'>qua</span> <span class='ocrx_word' id='word_1_106' title='bbox 396 2331 511 2420; x_wconf 89' lang='lat' dir='ltr'>Deus,</span> <span class='ocrx_word' id='word_1_107' title='bbox 531 2331 593 2430; x_wconf 92' lang='lat' dir='ltr'>qui</span> <span class='ocrx_word' id='word_1_108' title='bbox 614 2354 756 2429; x_wconf 83' lang='lat' dir='ltr'>semper</span> <span class='ocrx_word' id='word_1_109' title='bbox 775 2354 832 2403; x_wconf 82' lang='lat' dir='ltr'>res</span> <span class='ocrx_word' id='word_1_110' title='bbox 852 2328 1024 2402; x_wconf 84' lang='lat' dir='ltr'>humanas</span> <span class='ocrx_word' id='word_1_111' title='bbox 1049 2345 1170 2419; x_wconf 88' lang='lat' dir='ltr'>curat,</span> 
     </span>
     <span class='ocr_line' id='line_1_18' title="bbox 107 2443 1173 2545; baseline 0 -28"><span class='ocrx_word' id='word_1_112' title='bbox 107 2460 142 2517; x_wconf 90' lang='lat' dir='ltr'>et</span> <span class='ocrx_word' id='word_1_113' title='bbox 153 2446 248 2544; x_wconf 87' lang='lat' dir='ltr'>juste</span> <span class='ocrx_word' id='word_1_114' title='bbox 261 2443 439 2543; x_wconf 84' lang='lat' dir='ltr'>disponit,</span> <span class='ocrx_word' id='word_1_115' title='bbox 459 2447 604 2545; x_wconf 88' lang='lat' dir='ltr'>antiqua</span> <span class='ocrx_word' id='word_1_116' title='bbox 622 2445 793 2519; x_wconf 86' lang='lat' dir='ltr'>miracula</span> <span class='ocrx_word' id='word_1_117' title='bbox 812 2445 944 2518; x_wconf 85' lang='lat' dir='ltr'>nostris</span> <span class='ocrx_word' id='word_1_118' title='bbox 958 2445 1067 2517; x_wconf 89' lang='lat' dir='ltr'>etiam</span> <span class='ocrx_word' id='word_1_119' title='bbox 1084 2461 1173 2517; x_wconf 89' lang='lat' dir='ltr'>tem·</span> 
     </span>
     <span class='ocr_line' id='line_1_19' title="bbox 107 2559 1174 2661; baseline 0.003 -29"><span class='ocrx_word' id='word_1_120' title='bbox 107 2559 255 2658; x_wconf 86' lang='lat' dir='ltr'>poribus</span> <span class='ocrx_word' id='word_1_121' title='bbox 273 2563 430 2635; x_wconf 85' lang='lat' dir='ltr'>recentia</span> <span class='ocrx_word' id='word_1_122' title='bbox 447 2560 616 2635; x_wconf 82' lang='lat' dir='ltr'>ostendit.</span> <span class='ocrx_word' id='word_1_123' title='bbox 635 2561 728 2635; x_wconf 89' lang='lat' dir='ltr'>Nam</span> <span class='ocrx_word' id='word_1_124' title='bbox 742 2561 834 2635; x_wconf 90' lang='lat' dir='ltr'>sicut</span> <span class='ocrx_word' id='word_1_125' title='bbox 846 2563 985 2635; x_wconf 75' lang='lat' dir='ltr'>scinifes</span> <span class='ocrx_word' id='word_1_126' title='bbox 1000 2563 1174 2661; x_wconf 80' lang='lat' dir='ltr'>importu-</span> 
     </span>
     <span class='ocr_line' id='line_1_20' title="bbox 106 2676 1171 2778; baseline 0.002 -29"><span class='ocrx_word' id='word_1_127' title='bbox 106 2677 216 2749; x_wconf 85' lang='lat' dir='ltr'>nitate</span> <span class='ocrx_word' id='word_1_128' title='bbox 229 2704 289 2751; x_wconf 87' lang='lat' dir='ltr'>sua</span> <span class='ocrx_word' id='word_1_129' title='bbox 302 2679 488 2778; x_wconf 79' lang='lat' dir='ltr'>AEgyptios</span> <span class='ocrx_word' id='word_1_130' title='bbox 506 2677 738 2767; x_wconf 76' lang='lat' dir='ltr'>infestabant,</span> <span class='ocrx_word' id='word_1_131' title='bbox 753 2694 790 2750; x_wconf 91' lang='lat' dir='ltr'>et</span> <span class='ocrx_word' id='word_1_132' title='bbox 803 2701 870 2751; x_wconf 91' lang='lat' dir='ltr'>nec</span> <span class='ocrx_word' id='word_1_133' title='bbox 884 2676 928 2750; x_wconf 91' lang='lat' dir='ltr'>ad</span> <span class='ocrx_word' id='word_1_134' title='bbox 945 2694 1171 2752; x_wconf 84' lang='lat' dir='ltr'>momentum</span> 
     </span>
     <span class='ocr_line' id='line_1_21' title="bbox 105 2791 1171 2895; baseline 0.006 -32"><span class='ocrx_word' id='word_1_135' title='bbox 105 2791 150 2865; x_wconf 87' lang='lat' dir='ltr'>ab</span> <span class='ocrx_word' id='word_1_136' title='bbox 171 2794 396 2868; x_wconf 89' lang='lat' dir='ltr'>infestatione</span> <span class='ocrx_word' id='word_1_137' title='bbox 417 2822 477 2867; x_wconf 87' lang='lat' dir='ltr'>sua</span> <span class='ocrx_word' id='word_1_138' title='bbox 498 2796 591 2869; x_wconf 89' lang='lat' dir='ltr'>circa</span> <span class='ocrx_word' id='word_1_139' title='bbox 616 2796 710 2895; x_wconf 88' lang='lat' dir='ltr'>ipsos</span> <span class='ocrx_word' id='word_1_140' title='bbox 733 2792 937 2885; x_wconf 87' lang='lat' dir='ltr'>cessabant,</span> <span class='ocrx_word' id='word_1_141' title='bbox 965 2795 1014 2867; x_wconf 93' lang='lat' dir='ltr'>ita</span> <span class='ocrx_word' id='word_1_142' title='bbox 1038 2818 1171 2869; x_wconf 76' lang='lat' dir='ltr'>muscoe</span> 
     </span>
     <span class='ocr_line' id='line_1_22' title="bbox 105 2908 1236 3011; baseline 0 -29"><span class='ocrx_word' id='word_1_143' title='bbox 105 2908 262 2984; x_wconf 83' lang='lat' dir='ltr'>obsessos</span> <span class='ocrx_word' id='word_1_144' title='bbox 280 2913 466 2985; x_wconf 90' lang='lat' dir='ltr'>incessanti</span> <span class='ocrx_word' id='word_1_145' title='bbox 484 2913 645 2987; x_wconf 89' lang='lat' dir='ltr'>molestia</span> <span class='ocrx_word' id='word_1_146' title='bbox 665 2913 871 3011; x_wconf 88' lang='lat' dir='ltr'>importune</span> <span class='ocrx_word' id='word_1_147' title='bbox 888 2908 1077 2984; x_wconf 85' lang='lat' dir='ltr'>vexabant.</span> <span class='ocrx_word' id='word_1_148' title='bbox 1095 2908 1172 2983; x_wconf 90' lang='lat' dir='ltr'>Ob-</span> <span class='ocrx_word' id='word_1_149' title='bbox 1232 2992 1236 3003; x_wconf 32' lang='grc' dir='ltr'>Ι</span> 
     </span>
     <span class='ocr_line' id='line_1_23' title="bbox 105 3025 1170 3128; baseline 0.001 -31"><span class='ocrx_word' id='word_1_150' title='bbox 105 3028 183 3098; x_wconf 88' lang='lat' dir='ltr'>sessi</span> <span class='ocrx_word' id='word_1_151' title='bbox 200 3051 329 3125; x_wconf 88' lang='lat' dir='ltr'>nempe</span> <span class='ocrx_word' id='word_1_152' title='bbox 342 3044 444 3101; x_wconf 87' lang='lat' dir='ltr'>extra</span> <span class='ocrx_word' id='word_1_153' title='bbox 459 3028 644 3101; x_wconf 83' lang='lat' dir='ltr'>castellum</span> <span class='ocrx_word' id='word_1_154' title='bbox 657 3029 756 3101; x_wconf 85' lang='lat' dir='ltr'>exire</span> <span class='ocrx_word' id='word_1_155' title='bbox 768 3025 985 3128; x_wconf 87' lang='lat' dir='ltr'>nequibant,</span> <span class='ocrx_word' id='word_1_156' title='bbox 1001 3043 1037 3099; x_wconf 92' lang='lat' dir='ltr'>et</span> <span class='ocrx_word' id='word_1_157' title='bbox 1050 3026 1170 3124; x_wconf 86' lang='lat' dir='ltr'>plures</span> 
     </span>
     <span class='ocr_line' id='line_1_24' title="bbox 105 3140 1169 3244; baseline -0.001 -30"><span class='ocrx_word' id='word_1_158' title='bbox 105 3166 231 3215; x_wconf 86' lang='lat' dir='ltr'>eorum</span> <span class='ocrx_word' id='word_1_159' title='bbox 257 3168 301 3216; x_wconf 86' lang='lat' dir='ltr'>ex</span> <span class='ocrx_word' id='word_1_160' title='bbox 328 3143 476 3217; x_wconf 82' lang='lat' dir='ltr'>diversis</span> <span class='ocrx_word' id='word_1_161' title='bbox 507 3145 711 3218; x_wconf 81' lang='lat' dir='ltr'>infortuniis</span> <span class='ocrx_word' id='word_1_162' title='bbox 740 3159 922 3244; x_wconf 82' lang='lat' dir='ltr'>grassante</span> <span class='ocrx_word' id='word_1_163' title='bbox 949 3140 1080 3216; x_wconf 90' lang='lat' dir='ltr'>morbo</span> <span class='ocrx_word' id='word_1_164' title='bbox 1110 3143 1169 3231; x_wconf 53' lang='lat' dir='ltr'>iny</span> 
     </span>
     <span class='ocr_line' id='line_1_25' title="bbox 106 3258 1169 3361; baseline -0.003 -29"><span class='ocrx_word' id='word_1_165' title='bbox 106 3259 275 3333; x_wconf 87' lang='lat' dir='ltr'>teribant.</span> <span class='ocrx_word' id='word_1_166' title='bbox 313 3261 596 3335; x_wconf 83' lang='lat' dir='ltr'>innumerabiles</span> <span class='ocrx_word' id='word_1_167' title='bbox 627 3287 715 3361; x_wconf 89' lang='lat' dir='ltr'>ergo</span> <span class='ocrx_word' id='word_1_168' title='bbox 745 3286 877 3334; x_wconf 87' lang='lat' dir='ltr'>muscoe</span> <span class='ocrx_word' id='word_1_169' title='bbox 911 3258 1100 3331; x_wconf 91' lang='lat' dir='ltr'>hominum</span> <span class='ocrx_word' id='word_1_170' title='bbox 1132 3275 1169 3330; x_wconf 90' lang='lat' dir='ltr'>et</span> 
     </span>
     <span class='ocr_line' id='line_1_26' title="bbox 104 3376 1166 3476; baseline -0.001 -26"><span class='ocrx_word' id='word_1_171' title='bbox 104 3402 281 3476; x_wconf 86' lang='lat' dir='ltr'>equorum</span> <span class='ocrx_word' id='word_1_172' title='bbox 302 3404 411 3452; x_wconf 87' lang='lat' dir='ltr'>coeno</span> <span class='ocrx_word' id='word_1_173' title='bbox 438 3378 694 3466; x_wconf 84' lang='lat' dir='ltr'>nascebantur,</span> <span class='ocrx_word' id='word_1_174' title='bbox 720 3393 854 3451; x_wconf 88' lang='lat' dir='ltr'>ettam</span> <span class='ocrx_word' id='word_1_175' title='bbox 879 3376 1028 3464; x_wconf 85' lang='lat' dir='ltr'>aestatis,</span> <span class='ocrx_word' id='word_1_176' title='bbox 1056 3400 1166 3476; x_wconf 82' lang='lat' dir='ltr'>quam</span> 
     </span>
     <span class='ocr_line' id='line_1_27' title="bbox 103 3488 1167 3577; baseline -0.001 -15"><span class='ocrx_word' id='word_1_177' title='bbox 103 3491 279 3564; x_wconf 87' lang='lat' dir='ltr'>anbelitus</span> <span class='ocrx_word' id='word_1_178' title='bbox 312 3492 595 3566; x_wconf 87' lang='lat' dir='ltr'>cohabitantium</span> <span class='ocrx_word' id='word_1_179' title='bbox 626 3493 746 3568; x_wconf 87' lang='lat' dir='ltr'>calore</span> <span class='ocrx_word' id='word_1_180' title='bbox 783 3488 1093 3577; x_wconf 83' lang='lat' dir='ltr'>confovebantur,</span> <span class='ocrx_word' id='word_1_181' title='bbox 1130 3505 1167 3562; x_wconf 87' lang='lat' dir='ltr'>et</span> 
     </span>
    </p>
   </div>
   <div class='ocr_carea' id='block_1_3' title="bbox 105 3768 1166 4274">
    <p class='ocr_par' dir='ltr' id='par_1_4' title="bbox 105 3768 1166 4093">
     <span class='ocr_line' id='line_1_28' title="bbox 106 3768 1166 3837; baseline -0.001 -13"><span class='ocrx_word' id='word_1_182' title='bbox 106 3770 239 3837; x_wconf 78' lang='lat' dir='ltr'>breteuil,</span> <span class='ocrx_word' id='word_1_183' title='bbox 254 3780 268 3825; x_wconf 77' lang='lat' dir='ltr'>t</span> <span class='ocrx_word' id='word_1_184' title='bbox 281 3791 316 3827; x_wconf 89' lang='lat' dir='ltr'>en</span> <span class='ocrx_word' id='word_1_185' title='bbox 329 3773 397 3827; x_wconf 84' lang='lat' dir='ltr'>faire</span> <span class='ocrx_word' id='word_1_186' title='bbox 410 3783 513 3827; x_wconf 84' lang='lat' dir='ltr'>autaut.</span> <span class='ocrx_word' id='word_1_187' title='bbox 529 3776 571 3827; x_wconf 81' lang='lat' dir='ltr'>Au</span> <span class='ocrx_word' id='word_1_188' title='bbox 586 3782 671 3837; x_wconf 83' lang='lat' dir='ltr'>reste,</span> <span class='ocrx_word' id='word_1_189' title='bbox 687 3770 803 3825; x_wconf 72' lang='lat' dir='ltr'>arantis</span> <span class='ocrx_word' id='word_1_190' title='bbox 816 3778 891 3824; x_wconf 90' lang='lat' dir='ltr'>mort</span> <span class='ocrx_word' id='word_1_191' title='bbox 902 3768 938 3824; x_wconf 88' lang='lat' dir='ltr'>de</span> <span class='ocrx_word' id='word_1_192' title='bbox 949 3768 1166 3825; x_wconf 84' lang='lat' dir='ltr'>Gnilfaume-le·</span> 
     </span>
     <span class='ocr_line' id='line_1_29' title="bbox 105 3858 1166 3936; baseline -0.004 -21"><span class='ocrx_word' id='word_1_193' title='bbox 105 3862 292 3936; x_wconf 72' lang='lat' dir='ltr'>Conqucmut,</span> <span class='ocrx_word' id='word_1_194' title='bbox 314 3863 333 3916; x_wconf 83' lang='lat' dir='ltr'>ii</span> <span class='ocrx_word' id='word_1_195' title='bbox 352 3864 422 3918; x_wconf 77' lang='lat' dir='ltr'>arsit</span> <span class='ocrx_word' id='word_1_196' title='bbox 441 3866 486 3917; x_wconf 69' lang='lat' dir='ltr'>ott·</span> <span class='ocrx_word' id='word_1_197' title='bbox 500 3863 557 3917; x_wconf 86' lang='lat' dir='ltr'>l’uu</span> <span class='ocrx_word' id='word_1_198' title='bbox 575 3862 624 3917; x_wconf 89' lang='lat' dir='ltr'>des</span> <span class='ocrx_word' id='word_1_199' title='bbox 640 3861 764 3916; x_wconf 85' lang='lat' dir='ltr'>fauteurs</span> <span class='ocrx_word' id='word_1_200' title='bbox 778 3861 817 3916; x_wconf 83' lang='lat' dir='ltr'>ies</span> <span class='ocrx_word' id='word_1_201' title='bbox 830 3860 891 3934; x_wconf 80' lang='lat' dir='ltr'>plus</span> <span class='ocrx_word' id='word_1_202' title='bbox 903 3858 1014 3914; x_wconf 75' lang='lat' dir='ltr'>ardenta</span> <span class='ocrx_word' id='word_1_203' title='bbox 1026 3858 1065 3913; x_wconf 93' lang='lat' dir='ltr'>du</span> <span class='ocrx_word' id='word_1_204' title='bbox 1080 3859 1166 3930; x_wconf 83' lang='lat' dir='ltr'>jeunc</span> 
     </span>
     <span class='ocr_line' id='line_1_30' title="bbox 105 3947 1164 4026; baseline -0.004 -24"><span class='ocrx_word' id='word_1_205' title='bbox 105 3947 170 4017; x_wconf 86' lang='lat' dir='ltr'>duc,</span> <span class='ocrx_word' id='word_1_206' title='bbox 183 3961 211 4005; x_wconf 87' lang='lat' dir='ltr'>et</span> <span class='ocrx_word' id='word_1_207' title='bbox 224 3951 314 4005; x_wconf 77' lang='lat' dir='ltr'>f’arait</span> <span class='ocrx_word' id='word_1_208' title='bbox 332 3953 422 4006; x_wconf 74' lang='lat' dir='ltr'>nieme</span> <span class='ocrx_word' id='word_1_209' title='bbox 439 3955 623 4026; x_wconf 77' lang='lat' dir='ltr'>accompagne</span> <span class='ocrx_word' id='word_1_210' title='bbox 636 3951 705 4006; x_wconf 85' lang='lat' dir='ltr'>dans</span> <span class='ocrx_word' id='word_1_211' title='bbox 716 3949 930 4025; x_wconf 83' lang='lat' dir='ltr'>quelques-oues</span> <span class='ocrx_word' id='word_1_212' title='bbox 940 3949 976 4003; x_wconf 86' lang='lat' dir='ltr'>de</span> <span class='ocrx_word' id='word_1_213' title='bbox 989 3967 1031 4003; x_wconf 87' lang='lat' dir='ltr'>ses</span> <span class='ocrx_word' id='word_1_214' title='bbox 1043 3949 1164 4019; x_wconf 68' lang='lat' dir='ltr'>innigra-</span> 
     </span>
     <span class='ocr_line' id='line_1_31' title="bbox 106 4048 186 4093; baseline 0.025 -2"><span class='ocrx_word' id='word_1_215' title='bbox 106 4048 186 4093; x_wconf 79' lang='lat' dir='ltr'>trous.</span> 
     </span>
    </p>

    <p class='ocr_par' dir='ltr' id='par_1_5' title="bbox 107 4124 1164 4274">
     <span class='ocr_line' id='line_1_32' title="bbox 136 4124 1164 4203; baseline -0.004 -20"><span class='ocrx_word' id='word_1_216' title='bbox 136 4132 174 4198; x_wconf 73' lang='grc' dir='ltr'>ἰ)</span> <span class='ocrx_word' id='word_1_217' title='bbox 187 4130 281 4203; x_wconf 76' lang='lat' dir='ltr'>Roget</span> <span class='ocrx_word' id='word_1_218' title='bbox 290 4131 326 4185; x_wconf 89' lang='lat' dir='ltr'>de</span> <span class='ocrx_word' id='word_1_219' title='bbox 336 4132 566 4201; x_wconf 75' lang='lat' dir='ltr'>biontgonrmeri,</span> <span class='ocrx_word' id='word_1_220' title='bbox 581 4142 672 4187; x_wconf 83' lang='lat' dir='ltr'>comte</span> <span class='ocrx_word' id='word_1_221' title='bbox 682 4130 716 4184; x_wconf 87' lang='lat' dir='ltr'>de</span> <span class='ocrx_word' id='word_1_222' title='bbox 728 4128 920 4198; x_wconf 59' lang='lat' dir='ltr'>Sbsembnm,</span> <span class='ocrx_word' id='word_1_223' title='bbox 936 4130 1000 4199; x_wconf 77' lang='lat' dir='ltr'>pius·</span> <span class='ocrx_word' id='word_1_224' title='bbox 1013 4125 1047 4180; x_wconf 91' lang='lat' dir='ltr'>de</span> <span class='ocrx_word' id='word_1_225' title='bbox 1059 4124 1164 4179; x_wconf 72' lang='lat' dir='ltr'>Rnbnt</span> 
     </span>
     <span class='ocr_line' id='line_1_33' title="bbox 107 4217 276 4274; baseline 0.006 -6"><span class='ocrx_word' id='word_1_226' title='bbox 107 4217 139 4269; x_wconf 91' lang='lat' dir='ltr'>de</span> <span class='ocrx_word' id='word_1_227' title='bbox 152 4219 276 4274; x_wconf 69' lang='lat' dir='ltr'>Redime.</span> 
     </span>
    </p>
   </div>
   <div class='ocr_carea' id='block_1_4' title="bbox 178 4309 1015 4383">
    <p class='ocr_par' dir='ltr' id='par_1_6' title="bbox 178 4309 1015 4383">
     <span class='ocr_line' id='line_1_34' title="bbox 178 4309 1015 4383; baseline -0.005 -2"><span class='ocrx_word' id='word_1_228' title='bbox 178 4337 233 4383; x_wconf 86' lang='grc' dir='ltr'><strong>ιιι.</strong></span> <span class='ocrx_word' id='word_1_229' title='bbox 973 4309 1015 4378; x_wconf 78' lang='grc'>18</span> 
     </span>
    </p>
   </div>
   <div class='ocr_carea' id='block_1_5' title="bbox 0 0 1528 5244">
    <p class='ocr_par' dir='ltr' id='par_1_7' title="bbox 0 0 1528 5244">
     <span class='ocr_line' id='line_1_35' title="bbox 0 0 1528 5244; baseline 0 0"><span class='ocrx_word' id='word_1_230' title='bbox 0 0 1528 5244; x_wconf 95' lang='lat' dir='ltr'> </span> 
     </span>
    </p>
   </div>
  </div>
 </body>
</html>
