3046 5244
64 123 173 202 [rous]
439 117 557 185 tram
576 120 765 185 uersum.
1071 126 1132 187 sar

63 249 307 329 moemntibn
331 250 395 351 qui
421 249 491 327 loc
515 266 840 354 perpsuarnunt,
869 253 1003 331 nobili·
1028 254 1135 331 turos

64 371 144 468 ipsc
157 366 218 441 die
233 380 400 441 mortuus
417 380 483 440 est.
506 368 548 443 ln
574 370 771 443 crastinum
792 382 935 461 anum,
961 368 1133 447 bissextili

62 486 121 560 die
136 488 151 581 (
159 487 190 577 r)
206 508 338 582 corpus
353 484 428 583 ejus
442 482 488 557 ad
504 484 675 561 Sanctum
689 485 885 586 sulpitium
903 487 959 587 (a)
975 484 1133 563 delatum

61 618 133 685 est,
160 599 283 701 ibique
303 625 384 671 cum
405 598 615 698 parentibus
634 601 708 675 suis
728 629 748 675 a
771 600 976 679 Gislcberto
996 602 1134 680 Ebroi·

61 721 158 795 censi
177 719 364 817 episcopo,
384 733 421 791 et
438 717 591 792 Serloue
609 718 768 793 Uticensi
787 718 917 794 abbate
934 747 1017 795 cum
1033 722 1134 797 mul·

62 856 186 913 torum
203 837 302 909 luctu
316 833 513 908 tumulatus
522 850 589 907 est.
601 835 720 909 Portu
728 833 949 927 Goirsredus,
960 838 1132 913 Maurita-

62 956 133 1029 niae
152 978 290 1040 comes,
306 950 531 1050 perpendens
547 951 647 1053 quod
663 949 827 1027 homiues
845 955 919 1042 sui,
937 953 1001 1055 qui
1024 981 1134 1055 grave

59 1074 195 1148 lacinus
216 1084 449 1170 peregerant,
472 1096 517 1145 cx
535 1070 715 1145 occisione
732 1072 969 1147 strenuissimi
986 1072 1133 1149 baronis

61 1190 265 1291 ingentium
277 1185 580 1261 detrimentorum
594 1204 704 1262 terrae
716 1214 790 1263 auae
800 1191 1033 1265 seminarium
1050 1218 1134 1292 pro-

60 1321 292 1392 creaverant,
312 1331 396 1379 eum
419 1303 623 1379 Gisleberto
647 1305 854 1406 Aquilensi,
880 1326 1014 1408 nepote
1034 1309 1129 1410 ejus,

59 1448 185 1525 pnecm
201 1421 302 1508 lecit,
323 1419 429 1520 eique
444 1420 626 1495 lulianam
643 1420 753 1495 filiam
773 1448 873 1495 suam
891 1424 927 1495 in
943 1424 1130 1499 matrimo-

59 1544 163 1616 nium
196 1539 404 1639 conjunxit,
429 1564 510 1638 quse
534 1536 744 1613 Richerium
769 1554 808 1613 et
832 1538 1061 1615 Goislredum
1088 1570 1131 1617 ae

58 1655 303 1733 Gislebertnm
327 1656 392 1754 ipsi
415 1656 568 1754 peperit.
590 1655 739 1754 Sapiens
760 1657 878 1757 itaque
897 1658 1023 1733 consul
1042 1657 1131 1733 sub·

55 1774 160 1877 jectis
175 1789 212 1847 ct
228 1769 419 1846 heredibus
434 1773 505 1844 suis
521 1770 710 1846 commode
727 1772 924 1861 consuluit,
947 1772 1035 1847 dum
1051 1774 1131 1849 dul·

59 1890 187 1967 cedine
209 1887 408 1988 conjugalis
432 1888 619 1986 amplexus
642 1903 811 1963 exortum
832 1888 946 1963 scelus
968 1891 1128 1977 occavit,

59 2008 168 2087 neda
185 2005 304 2081 radice
326 2031 447 2105 pravas
469 2005 619 2079 actionis
637 2004 873 2104 multiplicius
891 2007 987 2079 nesae
1006 2006 1130 2107 pullu-

59 2128 173 2214 laret,
201 2139 238 2198 et
264 2122 468 2197 redirinum
493 2123 589 2197 iuter
613 2136 777 2222 posteros
797 2146 940 2222 semper
965 2123 1004 2197 in
1030 2125 1130 2225 pejus

58 2256 293 2321 annueret.
325 2237 460 2314 Foedus
487 2240 607 2340 itaque
644 2239 683 2315 in
715 2238 955 2315 consobrinos
982 2238 1130 2316 heredes

59 2388 159 2439 nnnc
173 2384 285 2461 nsque
304 2355 551 2431 indissolubile
571 2357 752 2457 persistit,
775 2372 813 2433 ct
829 2383 954 2433 serena
978 2384 1049 2459 pu
1070 2384 1131 2433 eus

59 2477 192 2555 blande
207 2476 454 2575 sereniterque
470 2475 653 2549 connectit
670 2476 738 2573 (ὅ).

106 2591 244 2667 Eadem
263 2589 478 2691 septimana,
496 2615 568 2691 qua
585 2587 828 2680 Gislehertua,
846 2588 1037 2666 utdictum
1053 2607 1127 2682 ert,

62 2712 157 2787 iuter
175 2708 335 2783 Melinos
349 2721 386 2779 et
402 2706 571 2807 Aquilam
589 2706 729 2781 interiit
741 2706 820 2806 (lg),
836 2705 985 2783 Goellus
1001 2722 1129 2783 contra

61 2826 296 2902 Guillelmum
318 2822 578 2897 Bretoliensem
599 2821 790 2897 dominum
813 2849 915 2897 suum
939 2825 1128 2924 campestri

63 2945 258 3020 certamine
279 2940 483 3032 dimicavit,
509 2955 546 3014 et
568 2967 688 3016 secum
712 2939 848 3015 habeus
868 2942 1063 3017 Ricardum
1085 2941 1130 3016 de

63 3060 291 3148 lloutelorti,
320 3083 560 3160 magnamque
586 3057 856 3134 multitudinem
884 3059 1127 3150 Francorum,

94 3282 184 3353 (1)st
197 3279 333 3335 mercredi
347 3296 383 3354 29
395 3279 496 3334 levrier
512 3294 588 3350 ¹⁰92·

94 3376 135 3443 (a)
149 3372 327 3427 Coueeruaut
337 3364 718 3441 saint-Sulpiee·sur·llislc‚
733 3383 816 3439 roycz
829 3365 980 3434 rideatur,
997 3385 1025 3441 p.
1045 3368 1105 3442 ¹9⁸·

94 3459 134 3533 (3)
151 3460 174 3515 ll
189 3478 224 3514 ne
236 3458 295 3514 taut
311 3477 358 3532 pas
371 3457 473 3531 perdre
485 3455 521 3511 dc
534 3474 587 3511 rue
599 3473 655 3530 que
668 3474 701 3510 ee
713 3472 826 3529 passage
837 3466 879 3511 est
891 3456 964 3511 derit
975 3473 1036 3511 rem
1051 3454 1118 3513 1153

67 3549 118 3624 ll'y
134 3552 207 3606 avait
221 3549 293 3603 donc
305 3553 320 3603 l
334 3559 407 3604 ecttc
419 3552 527 3622 epoque
541 3545 602 3620 plns
615 3545 650 3600 de
661 3555 797 3621 quaraute
809 3564 858 3601 aus
870 3564 925 3621 que
939 3545 966 3601 la
982 3547 1045 3621 prix
1061 3547 1128 3601 tuli·

68 3638 148 3695 inuit
164 3648 246 3696 entre
265 3636 305 3692 les
322 3646 427 3692 comtes
444 3635 484 3690 du
502 3635 609 3691 Perehe
627 3644 657 3691 ct
674 3633 714 3691 les
728 3635 873 3708 serg-curs
888 3634 925 3689 de
942 3634 1045 3708 [aigle.
1067 3635 1129 3691 Une

68 3726 177 3785 immeo
194 3727 231 3782 dc
252 3727 274 3780 si
293 3726 396 3800 lunguc
414 3726 500 3782 duree
512 3725 579 3780 etait
596 3723 661 3779 bien
676 3727 765 3781 reret
778 3734 852 3780 cette
865 3726 975 3799 epuquc
988 3725 1077 3796 parmi
1091 3723 1130 3777 les

69 3817 204 3888 &gneum
222 3813 386 3880 normands,
402 3814 529 3885 tcuiours
543 3812 646 3885 prena
661 3830 813 3885 guenuyer
824 3811 976 3868 ensemlrle.

97 3908 133 3976 (l)
147 3908 230 3960 (lette
243 3905 364 3959 semainc
376 3906 446 3959 avait
460 3906 622 3958 cummence
634 3903 660 3959 le
672 3903 821 3958 ‹limanclte
833 3919 867 3956 aa
881 3902 991 3956 levrici.
