3046 5244
223 441 283 498 220
501 435 683 496 lllSTOlllb
708 433 1014 494 ECCLFSle'llCA.
1088 436 1183 512 [cruce
1199 436 1292 511 1⁰00]

225 567 421 641 uacborum
436 587 601 667 argentea
622 586 759 640 textura
775 569 844 639 vira
861 585 893 638 et
912 568 1056 666 cognita
1071 583 1180 655 esset,
1200 583 1237 638 et
1256 568 1292 638 iu

223 701 403 758 corneutu
423 688 619 758 monastico
634 711 759 757 rumor
772 684 1011 784 hujuscemodi
1031 700 1291 783 perstreperet,

224 802 479 889 Erembertns,
502 805 654 903 impiger
674 801 870 889 roeuobita,
891 829 971 875 cum
986 802 1128 873 famulis
1147 827 1294 873 monas-

226 920 303 991 terii
321 919 363 991 ad
377 919 651 992 eir-monachum
667 920 896 1018 languentem
911 920 1087 1008 accurrit,
1102 916 1294 1017 subitoque

224 1035 392 1110 frendens
405 1039 554 1137 impetu,
570 1037 755 1109 brachium
773 1038 883 1109 sancti
899 1035 1058 1122 Nicolai,
1076 1062 1115 1107 ac
1132 1035 1159 1106 si
1176 1032 1294 1106 eidem

224 1155 518 1242 commendasset,
535 1157 706 1229 atrociter
718 1155 889 1253 exposcit.
905 1155 1035 1240 dtille,
1050 1152 1296 1252 utdeprebeu·

224 1297 302 1343 suin
320 1300 355 1344 se
373 1273 479 1359 ridit,
500 1291 535 1345 et
557 1275 591 1345 iu
612 1290 711 1344 tantu
732 1272 876 1345 turbiue
896 1274 1053 1344 nesciens
1070 1299 1143 1372 quo
1159 1298 1195 1343 se
1212 1296 1296 1342 rer-

227 1404 336 1476 teret,
363 1390 514 1488 pallidus
536 1408 570 1462 et
595 1408 752 1462 tremens
775 1392 982 1491 perurgenti
1007 1388 1184 1462 monacho
1206 1414 1296 1488 pre·

226 1509 355 1579 tiosum
376 1510 504 1607 pignus
526 1507 688 1596 exbibet,
712 1509 807 1608 quod
831 1510 889 1580 ille
908 1536 989 1580 cnm
1010 1509 1145 1606 ingenti
1165 1506 1296 1606 gaudio

225 1625 377 1720 recepit,
398 1640 433 1694 et
451 1650 534 1697 mox
551 1624 593 1696 ad
612 1624 823 1697 caenobium
838 1626 976 1696 Sauctae
993 1624 1200 1708 Trinitatis,
1221 1648 1297 1695 mo-

225 1738 346 1812 nacbis
363 1758 399 1812 et
418 1743 555 1813 cunctis
573 1741 711 1813 ciribus
732 1744 843 1813 llenm
863 1740 1106 1826 laudantibus,
1125 1739 1293 1821 devehit,

226 1855 347 1956 ibique
364 1876 504 1930 sanctus
523 1859 689 1931 Nicolaus
708 1885 818 1957 nsque
838 1857 944 1931 lindie
963 1859 1113 1957 pignora
1131 1885 1191 1928 sua
1210 1856 1297 1927 lide·

227 1973 310 2046 liter
328 1975 555 2072 poscentibus
574 1979 608 2049 iu
629 1977 750 2047 multis
771 1974 1034 2048 necessitatibus
1052 1974 1202 2046 mirilico
1220 2000 1297 2045 sue·

225 2094 353 2164 currit.
373 2095 543 2166 Praesatns
559 2112 675 2165 autrru
696 2093 930 2165 Ercrnbertus
945 2110 1021 2166 erat
1042 2093 1186 2164 natione
1205 2091 1296 2163 Nor·

225 2205 1294 2305 mannuS,auteconversionemmilcsstreuuns,postmodum

226 2350 313 2396 vero
332 2326 526 2399 monachus
545 2329 580 2399 in
599 2325 727 2399 ordine
744 2324 914 2398 fervidus.

276 2442 419 2516 llisdem
450 2444 672 2543 temporibus
698 2444 843 2544 quidam
864 2445 965 2516 miles
985 2443 1029 2515 de
1047 2442 1295 2529 Normannia,

225 2558 456 2646 Guillelmns,
474 2579 716 2660 cognomento
732 2561 931 2647 Pantulsus,
954 2563 989 2631 in
1008 2560 1033 2630 d
1041 2560 1174 2658 poliam
1187 2555 1294 2641 abiit,

225 2692 260 2748 et
275 2677 370 2776 quud
386 2695 547 2750 sanctum
562 2679 747 2751 Nicolaum
765 2678 864 2750 raldo
877 2678 1061 2776 diligebat,
1077 2676 1122 2750 de
1137 2677 1298 2776 reliquiis

225 2795 299 2890 ejus
313 2793 466 2865 multum
480 2796 662 2893 immovit,
683 2796 828 2895 [leoque
840 2798 988 2892 jurante
1004 2794 1296 2892 procurationem

226 2912 317 3008 ejus,
342 2939 359 2980 a
384 2912 616 3011 reliquiarum
642 2911 916 2983 translatoribus
940 2939 1052 2983 unum
1073 2909 1238 2995 dentem,
1262 2926 1296 2979 rt

226 3025 299 3100 duo
316 3034 425 3099 lrusta
449 3029 493 3100 de
519 3057 722 3102 marmoren
744 3031 883 3102 tumulo
900 3028 1072 3103 obtinuit.
1093 3028 1183 3100 Erat
1199 3028 1296 3099 eninr

228 3146 262 3216 in
280 3148 390 3217 armis
406 3163 587 3232 strenuus,
612 3150 755 3247 iugenio
777 3147 966 3246 praeditus,
989 3149 1083 3217 inter
1100 3143 1296 3217 collimita-

227 3287 313 3333 neus
327 3290 430 3334 sensu
443 3262 646 3364 divitiisque
661 3265 824 3336 maximis
838 3264 978 3361 :lngliae
991 3262 1174 3361 ltalireque
1184 3260 1298 3333 domi·

228 3380 281 3449 uis
307 3381 522 3451 notissimus.
545 3383 694 3453 llentem
723 3384 839 3481 itaque
868 3383 956 3452 tanti
982 3378 1127 3451 baronis
1148 3394 1296 3464 nactus,

228 3496 487 3570 Norruauuiznn
507 3498 630 3586 rediit,
650 3517 684 3570 et
705 3499 748 3570 ad
770 3500 957 3597 proprium
979 3496 1153 3596 praedium
1165 3549 1176 3584 ,
1199 3494 1296 3595 qnod

229 3616 362 3687 Nurum
379 3616 525 3700 ‹tii-itur,
547 3618 665 3716 plures
683 3644 867 3715 pirrsuuas,
890 3633 924 3686 ut
947 3642 1107 3713 congrue
1128 3613 1298 3713 reliquias

224 3733 461 3828 susciperent,
481 3732 692 3804 drnuntiatu
708 3736 765 3805 dic
784 3734 944 3805 acuuzsiit
961 3737 975 3827 l
985 3736 1030 3827 r).

278 3849 385 3921 :lnuu
400 3852 517 3948 itaque
528 3852 725 3921 lluruiuirar
739 3852 996 3923 brearnatiunis
1012 3866 1169 3936 u⁰xr:‘'n”,
1185 3847 1297 3922 indir-

232 4032 554 4043 ——-....--—
568 4034 712 4042 --——-

277 4151 298 4189 r:
320 4137 394 4189 Nuus
407 4156 489 4188 atrius
502 4155 535 4187 ru
550 4134 701 4193 «tub-uns,
719 4149 727 4185 t
754 4135 796 4195 ll,
813 4155 839 4207 p.
861 4132 919 4198 332»,
935 4156 989 4209 qur
1003 4135 1164 4189 liutllauntr
1179 4134 1298 4189 l’autottl

224 4240 295 4280 asan
311 4240 446 4299 rutrrprn
460 4248 490 4279 rr
505 4246 605 4293 terragn-
619 4230 698 4296 apris
713 4225 737 4279 la
754 4238 826 4280 unut
839 4226 876 4279 du
891 4246 931 4280 rur
946 4226 1116 4281 tiudlaunu·.
