3046 5244
230 452 287 509 175
503 444 686 504 tttSt'outt
712 441 1017 502 euctasstasttct.
1086 444 1297 523 [todi-1⁰0⁴]

226 581 418 678 lngrauni,
442 580 478 649 in
496 576 729 647 matrimonio
747 572 917 659 habebat,
935 592 969 644 et
988 600 1055 672 pro
1069 572 1224 674 quadam
1243 574 1300 648 la-

226 698 316 770 tenti
332 721 430 768 causa
443 750 452 781 ,
467 695 620 792 satisque
637 718 767 791 parra,
788 691 970 764 oecultum
988 709 1115 764 contra
1128 690 1299 769 abbatem

225 814 349 887 odium
369 812 539 913 gestabat.
563 810 666 883 Unde
687 810 854 882 instinctu
872 807 1005 881 diaboli
1029 810 1207 882 ferculum
1224 813 1300 911 ejus

228 957 368 1004 veneno
394 929 577 1028 corrupit,
607 927 763 999 imitatus
791 927 973 998 lsmaelem
1005 942 1144 1025 patrem
1170 954 1298 1018 suum,

225 1050 286 1148 qui
302 1046 404 1119 ferali
421 1043 506 1117 ludo
518 1043 715 1142 simplicem
733 1045 824 1114 lsaac
837 1067 985 1141 gravare
999 1042 1146 1114 studuit.
1161 1043 1301 1119 Deinde

225 1167 281 1236 vir
294 1165 376 1247 Dei,
396 1161 581 1236 monachis
597 1161 814 1261 lugentibus,
836 1187 900 1233 xrn
920 1159 1044 1232 diebus
1060 1164 1298 1262 oegerjacuit,

225 1280 376 1377 dataque
400 1278 637 1364 consessione,
660 1293 850 1376 sanctaque
877 1293 1016 1375 sumpta
1042 1280 1300 1357 communione

227 1412 268 1470 ιιο
283 1397 359 1468 idus
373 1394 572 1468 decembris
586 1393 687 1466 obiit.
702 1396 740 1465 lu
757 1394 900 1466 ecelesia
919 1410 1050 1465 sanetae
1065 1395 1127 1466 Dei
1143 1398 1300 1496 genitri-

226 1516 275 1585 cis
293 1513 415 1585 llarire
426 1567 436 1598 ,
449 1540 556 1612 quam
570 1513 643 1610 ipse
660 1539 678 1583 a
693 1510 927 1584 {titulamento
946 1515 1166 1600 construxit,
1184 1514 1302 1614 sepul·

227 1648 282 1702 tus
295 1645 368 1717 est,
389 1648 424 1701 et
438 1655 502 1728 per
520 1631 678 1728 singulos
697 1656 810 1701 annos
828 1630 1090 1701 artrriversarius
1105 1628 1180 1703 dies
1193 1656 1300 1705 reve-

227 1765 350 1821 renter
377 1747 549 1821 celebrari
578 1746 627 1818 ob
654 1749 863 1820 memoriam
891 1749 964 1846 ejus
989 1750 1204 1823 constitutus
1231 1766 1297 1823 est.

227 1866 304 1936 lloc
333 1863 490 1936 libenter
512 1864 632 1961 agitur
650 1891 668 1933 a
686 1861 888 1950 monachis,
909 1888 1000 1963 quos
1025 1863 1098 1961 ipse
1126 1865 1162 1935 iu
1188 1863 1300 1939 domo

226 1981 290 2053 Dei
305 1996 346 2052 ut
359 1997 460 2078 pater
473 1980 564 2052 filios
577 1978 728 2051 educare
743 1979 889 2049 molitus
903 1996 968 2049 est.
981 1979 1201 2077 Pauperibus
1213 2006 1302 2081 quo·

226 2124 296 2198 que
314 2098 460 2170 uberem
483 2098 741 2194 eleemosynam
766 2098 842 2194 ipso
859 2094 915 2167 die
939 2122 1008 2194 pro
1027 2094 1197 2171 defuncto
1216 2125 1299 2197 pes·

229 2233 307 2288 tore
321 2216 444 2315 largiri
459 2240 537 2287 mos
555 2231 619 2287 est.

277 2332 355 2404 Vll.
378 2333 704 2433 Appropinquante
726 2331 917 2407 tt'iscanio
942 2348 1124 2432 turgentes
1146 2331 1298 2405 Romani

227 2468 496 2535 convenerunt,
511 2466 548 2522 et
560 2448 657 2549 quod
671 2447 716 2519 ab
733 2444 878 2522 advenis
894 2447 1183 2548 persecutoribus
1194 2465 1300 2550 ceput

226 2565 326 2636 orbis
343 2567 615 2663 impugnaretur
636 2563 821 2662 indignum
839 2564 1034 2639 duxerunt.
1052 2565 1175 2639 Multis
1190 2567 1302 2667 igitur

228 2680 429 2754 hortatibus
446 2683 613 2767 animati,
633 2708 715 2754 cum
734 2685 843 2753 armis
867 2684 1010 2756 obsiana
1034 2700 1299 2783 processemnt.

227 2796 294 2871 Sed
313 2800 432 2871 statim
453 2825 471 2869 a
495 2799 712 2871 Normauuis
738 2801 772 2871 iu
796 2826 835 2872 re
853 2803 999 2874 militari
1020 2803 1126 2875 nimis
1147 2800 1303 2875 obdun-

229 2916 272 2988 tis
287 2915 382 2987 sacto
397 2916 530 3013 impetu
540 2970 549 3002 ‚
567 2916 697 3014 repulsi
715 2934 810 2987 sunt.
825 2917 961 2990 Deinde
976 2919 1147 3007 victores,
1163 2915 1302 2993 civtbm

227 3034 330 3105 mixti
341 3032 573 3132 fugientibus,
590 3031 716 3104 urbem
732 3034 972 3122 intraverunt,
984 3038 1155 3136 jussuque
1171 3032 1300 3109 fervidi

226 3149 325 3223 ducis
346 3152 464 3249 iguem
483 3151 584 3221 tectis
608 3150 820 3249 injecerunt.
845 3151 904 3223 Sic
922 3150 1129 3224 ll'iscardus
1148 3154 1249 3226 ferro
1264 3168 1302 3225 et

227 3265 368 3337 llamma
387 3263 454 3337 sibi
473 3263 610 3336 aditum
630 3263 754 3338 Romae
770 3266 953 3363 patefecit,
974 3291 1039 3339 nec
1057 3267 1148 3338 nllus
1165 3266 1301 3339 civium

228 3397 345 3480 postea
364 3400 488 3455 contra
515 3408 597 3454 erim
626 3383 758 3455 mutire
775 3410 877 3455 ausus
903 3384 982 3454 suit.
1011 3383 1147 3457 Deinde
1169 3408 1302 3483 perre-

226 3500 339 3572 uienti
358 3499 400 3571 ad
428 3500 559 3570 turrim
578 3499 777 3572 Crescentis
805 3500 895 3597 Papa
918 3526 1000 3570 cum
1032 3500 1131 3572 cleto
1154 3497 1302 3573 obvim

225 3618 329 3703 exiit,
357 3644 425 3715 pro
445 3615 567 3689 labore
593 3635 629 3688 et
653 3616 830 3689 subventu
857 3619 987 3715 gratias
1012 3618 1104 3717 egit,
1131 3642 1200 3718 pro
1218 3616 1304 3691 olte-

224 3730 356 3804 dieutia
375 3760 392 3801 a
411 3732 566 3803 reatibus
579 3732 751 3816 absolvit,
772 3749 805 3801 et
820 3750 992 3805 aeternam
1012 3735 1074 3805 eia
1094 3734 1170 3805 Deo
1183 3732 1303 3809 bene-

224 3850 418 3923 dictionem
438 3856 639 3949 peroptavit
659 3856 672 3945 (
700 3866 726 3943 ).

230 4036 360 4048 --.-.
425 4036 564 4043 -.-.·-.
623 4038 678 4045 .-
732 4038 740 4043 -
950 4040 1147 4049 ........-·-
1228 4038 1298 4053 σοι

276 4158 299 4201 ι)
317 4137 365 4189 les
387 4137 516 4189 lloruarus
538 4155 571 4188 ue
592 4149 721 4189 nutrient
741 4150 817 4205 pntnt
840 4140 990 4193 arr-«lerant
1006 4140 1040 4193 dr
1056 4140 1159 4193 ttnbera
1181 4140 1300 4212 pourb

226 4244 385 4297 reponas-r.
408 4227 440 4280 it·
456 4246 482 4279 se
494 4231 688 4280 contrariu-ut
703 4226 737 4278 dr
758 4227 794 4279 lun
810 4228 910 4281 termes
925 4230 1070 4285 l'euccrutr
1082 4228 1118 4283 «te
1131 4230 1156 4283 ls
1170 4230 1246 4285 utto.
1259 4233 1300 4283 t'ae
