3046 5244
442 404 558 465 LIBER
580 404 784 469 SEPTIMUS.
1092 414 1152 474 255

82 556 182 614 tenus
216 554 251 610 et
283 535 471 635 superfluis
500 535 627 633 opibus
663 538 769 610 nimis
802 539 1010 614 abundavit.
1048 541 1153 614 Secns

85 654 289 731 incendium
318 681 336 725 a
367 652 608 727 formidolosis
637 672 759 728 rectus
789 656 914 729 estad
945 657 1150 748 basilicam,

85 776 269 873 liberoque
298 773 396 858 solo,
428 773 489 870 qui
518 787 573 845 tot
598 771 751 847 urbibus
775 793 811 847 et
836 776 977 875 oppidis
1004 795 1040 851 et
1067 779 1153 851 vicis

83 893 304 992 principatus
321 906 391 976 est,
415 891 529 961 caruit
545 889 589 970 ad
610 892 842 989 sepulturam.
863 893 999 968 Arvina
1018 897 1153 969 ventris

83 1014 167 1110 ejus,
185 1025 241 1082 tot
253 1007 519 1081 delectamentis
532 1009 704 1098 enutrita,
725 1037 807 1082 cum
825 1009 1000 1086 dedecore
1017 1015 1150 1112 patitit,

83 1148 117 1202 et
137 1127 334 1227 prudentes
357 1153 397 1198 ac
422 1127 634 1217 infrunitos,
662 1129 778 1228 qualis
802 1131 847 1202 sit
872 1131 988 1232 gloria
1015 1133 1151 1221 carnis,

83 1245 239 1320 edocuit.
264 1245 425 1341 lnspecta
445 1241 620 1340 siquidem
637 1247 873 1346 corruptione
889 1242 1026 1322 coenosi
1045 1247 1153 1322 cada-

86 1363 196 1449 veris,
224 1360 375 1460 quisque
398 1377 570 1432 mouetur
593 1376 632 1433 ut
656 1363 832 1453 meliora,
864 1390 973 1465 quam
997 1364 1155 1438 delecta-

84 1494 199 1551 menta
226 1492 311 1548 sunt
338 1477 476 1564 carnis,
507 1504 590 1577 qnae
618 1495 712 1551 terra
739 1497 811 1570 est,
840 1498 876 1554 et
904 1482 939 1553 in
967 1481 1155 1580 pulverem

85 1609 295 1679 revertetur,
321 1590 445 1665 labore
466 1593 630 1666 salutaris
647 1596 885 1668 continentiae
905 1599 1057 1670 mercari
1076 1599 1154 1671 ser-

86 1727 208 1783 ventcr
224 1725 389 1782 conetur.

128 1831 257 1901 Divitis
269 1845 306 1900 et
322 1831 490 1926 pauperis
503 1855 569 1927 par
582 1846 635 1901 est
648 1829 828 1920 conditi0,
848 1848 883 1904 et
901 1832 1067 1904 similiter
1083 1860 1156 1904 am-

84 1944 144 2018 bos
163 1943 299 2017 invadit
316 1970 415 2017 mors
431 1959 468 2016 et
486 1943 652 2041 putredo.
673 1945 794 2020 Nolite
812 1972 900 2045 ergo
919 1948 1100 2022 confidere
1118 1950 1154 2020 in

84 2061 305 2161 principibus
321 2062 433 2150 salsis,
453 2088 476 2134 o
493 2063 556 2134 filii
572 2061 780 2152 hominum
802 2063 915 2137 sedin
931 2065 1006 2137 Deo
1021 2067 1104 2137 vivo
1120 2081 1156 2136 et

84 2208 187 2266 vero,
208 2181 272 2280 qui
289 2198 431 2254 creator
449 2196 503 2252 est
519 2182 697 2254 omnium.
718 2181 859 2255 Veteris
877 2197 913 2253 et
930 2183 1016 2254 novi
1035 2184 1155 2254 Testa·

84 2302 194 2373 menti
219 2301 346 2371 seriem
372 2300 565 2387 revolvite,
591 2316 628 2371 et
648 2301 810 2399 exempla
834 2298 916 2371 inde
940 2300 1155 2399 multiplicia

85 2421 182 2518 ropis
196 2419 383 2516 capessite,
399 2417 485 2517 quid
499 2443 641 2506 cavere,
657 2416 789 2519 quidve
803 2417 959 2491 debeatis
970 2435 1153 2518 appetere.

86 2537 203 2610 Nolite
218 2562 363 2636 sperare
380 2539 415 2609 iu
435 2538 642 2637 iniquitate,
666 2555 700 2610 et
722 2539 865 2635 rapinas
887 2537 999 2609 nolite
1019 2563 1156 2610 concu-

86 2657 230 2754 piscere.
249 2657 391 2728 Divitiae
403 2656 430 2726 si
445 2656 603 2740 allluant,
618 2654 732 2727 nolite
745 2681 809 2727 cor
821 2680 1016 2754 apponere.
1031 2654 1158 2726 Omnis

85 2776 178 2846 enim
193 2799 278 2846 earo
291 2790 331 2845 nt
344 2775 506 2861 loenum,
522 2790 558 2844 et
571 2773 689 2845 omnis
702 2773 818 2872 gloria
832 2775 905 2872 ejus
919 2790 960 2845 ut
972 2773 1036 2845 ssos
1049 2772 1154 2844 l'oeni.

86 2891 234 2963 Exarnit
255 2894 416 2978 foenum,
443 2908 479 2963 et
502 2890 567 2962 llos
590 2892 663 2989 ejus
688 2888 828 2962 cecidit.
854 2890 1013 2963 Verbum
1038 2907 1156 2965 atatem

88 3009 228 3081 Domini
247 3026 368 3082 manet
387 3010 422 3080 in
441 3025 632 3080 aeternnm.
1089 3100 1093 3107 ⁵

131 3129 199 3200 llic
212 3129 366 3224 septimo
382 3126 478 3198 libro
492 3127 670 3200 Uticensis
682 3128 848 3200 llistoriae
863 3128 979 3225 placet
992 3152 1073 3198 cum
1088 3126 1158 3199 fine

92 3247 177 3344 regis
204 3248 401 3317 terminum
426 3246 531 3330 dare,
561 3263 597 3318 et
624 3248 660 3318 in
682 3262 809 3317 octavo
828 3244 872 3316 de
898 3244 979 3316 srlils
1004 3247 1095 3341 ejus,
1121 3263 1158 3317 et

92 3363 296 3435 multimoda
323 3363 613 3461 perturbatione,
636 3389 717 3463 qnae
739 3361 799 3432 ‹tiu
821 3362 1023 3434 Neustrianr
1050 3362 1158 3434 relic-

94 3498 228 3553 menter
262 3499 298 3553 et
333 3482 504 3582 dugliam
537 3482 681 3564 alllixit,
719 3478 851 3578 aliquid
891 3479 973 3551 solo
1009 3481 1158 3576 posteris

95 3599 253 3674 enodare.
1153 3600 1158 3608 ’
