3016 5242
216 438 275 499 438
497 436 681 496 HISTORIA
703 436 1006 497 ECCLESIASTICA.

215 567 507 669 immutationem
542 569 628 640 boni
664 596 913 641 commemoro.
952 570 1028 641 Sed
1063 570 1151 642 inde
1181 570 1276 642 nulla

216 688 319 762 uobis
333 687 490 760 violenta
510 689 704 786 imponitur
718 693 882 775 exactio,
904 689 1013 758 immo
1031 688 1190 760 snlulrris
1201 715 1278 788 pru

214 808 365 904 ponitur
381 806 586 903 persuasio.
616 804 754 873 Verum
776 803 829 873 acl
855 802 1047 873 tenendum
1071 830 1143 902 per
1166 808 1279 875 onmia

216 929 338 992 sancti
353 919 546 991 Benedicti
567 919 732 1014 regulum
750 946 813 991 vos
833 921 961 1005 invito,
982 946 1094 1017 quam
1115 921 1153 990 in
1175 920 1280 1021 pluri·

218 1036 285 1109 lrus
301 1039 563 1136 pravaricari,
591 1037 794 1108 seeundum
818 1036 860 1107 id
884 1037 984 1134 quod
1002 1034 1160 1135 professi
1183 1039 1278 1125 estis,

220 1182 281 1227 vos
298 1157 477 1227 ueraciter
487 1181 664 1252 agnosco.
684 1154 789 1226 llnele
802 1159 948 1253 superni
957 1153 1104 1254 judicis
1119 1154 1281 1226 animod-

218 1277 412 1344 uersiouem
433 1273 665 1372 pertimesco,
693 1299 738 1343 ne
760 1279 798 1342 in
819 1299 885 1343 nos
905 1271 1079 1343 deserviat
1097 1299 1168 1372 pro
1189 1289 1282 1343 reatu

219 1392 535 1487 transgressionis,
555 1391 593 1459 in
612 1389 794 1462 tremendo
807 1390 968 1489 judicio.

268 1506 321 1577 Ad
343 1504 419 1578 haec
437 1505 602 1578 monaehi
620 1506 885 1604 responderunt
903 1537 912 1576 ε
933 1508 1071 1579 Beatus
1090 1524 1200 1605 pater
1216 1508 1283 1579 Be-

217 1624 402 1713 nedictus,
419 1641 457 1695 ut
471 1623 573 1696 nobis
587 1626 753 1697 omnibus
766 1626 945 1697 evidenter
952 1632 1130 1724 patescit,
1148 1625 1283 1697 beatum

218 1743 415 1830 Maurum,
447 1744 659 1815 monasterii
683 1749 742 1815 sui
765 1745 946 1842 priorem,
968 1770 1074 1842 quem.
1093 1770 1118 1813 a
1131 1745 1282 1842 pueritia

219 1862 413 1947 nutrierat,
433 1859 471 1929 in
492 1858 657 1930 Galliam
670 1861 787 1949 nn'sit,
808 1874 842 1930 et
859 1859 991 1930 librum
1007 1862 1166 1958 regulm,
1187 1884 1281 1958 quem

220 1978 298 2076 ipse
315 1979 373 2048 uir
388 1979 457 2049 Dei
471 1980 624 2077 propriu
640 2005 754 2049 manu
773 1981 1006 2079 conscripsit,
1027 1995 1061 2049 et
1078 1978 1210 2050 libram
1223 2004 1281 2079 pa

220 2093 277 2162 nis
291 2091 544 2191 heminamque
557 2095 637 2164 uini
641 2122 713 2192 per
724 2121 806 2165 eum
820 2096 978 2166 Francis
990 2095 1199 2166 destinauit.
1217 2095 1280 2165 llic

219 2235 243 2279 a
261 2209 506 2282 Tlreodelrerto
521 2237 605 2308 rege
617 2228 826 2310 susceptus,
846 2237 957 2309 usque
970 2210 1024 2281 ad
1034 2209 1174 2282 obitum
1186 2235 1279 2281 suum

219 2330 256 2397 iu
277 2326 405 2398 Gallia
416 2329 641 2428 permansit,
661 2344 773 2423 atque
790 2327 917 2414 Floro,
937 2329 1033 2427 regis
1060 2328 1275 2409 consiliario,

220 2444 441 2545 adjuvante,
466 2445 666 2517 coenolu'um
685 2450 904 2535 construxit,
926 2445 1048 2544 ibique
1069 2471 1137 2517 ext
1160 2470 1277 2518 tuono-

222 2561 329 2650 eltos,
354 2564 392 2633 in
416 2563 495 2635 loco
518 2566 581 2656 qui
608 2562 875 2658 Glannrjolium
900 2564 1051 2653 dicitur,
1079 2563 1279 2660 regulariter

220 2681 395 2752 instruxit
426 2681 494 2776 (1).
525 2680 714 2750 Discretus
746 2697 869 2751 autem
894 2696 1004 2777 pater
1034 2666 1197 2752 Maurus
1220 2702 1275 2749 nott

222 2823 337 2868 mores
356 2798 637 2897 AEgsptiorum,
667 2800 732 2896 qui
753 2799 867 2869 rn'nu'o
891 2797 981 2869 solis
1004 2796 1137 2870 umlore
1152 2799 1278 2897 jugiter

223 2928 399 3000 aestuant,
421 2914 582 2983 imitatus·
602 2930 654 2984 est
660 2946 676 2998 ,·
695 2917 761 2983 sed
777 2917 866 2984 ritus
886 2912 1098 3001 Gallorum,
1117 2918 1180 3012 qni
1194 2934 1278 3011 sapt

223 3026 381 3100 brumali
387 3029 474 3128 gelu
490 3032 528 3099 in
547 3029 742 3102 Occidente
756 3033 1055 3117 contremiscunt,
1068 3035 1129 3128 pie
1142 3030 1277 3101 intuitus

223 3161 275 3215 est
283 3202 294 3233 ,
310 3147 404 3217 sieut
421 3173 445 3216 a
462 3145 647 3244 spirituali
661 3148 837 3244 magistro
854 3145 1051 3219 salubriter
1062 3146 1210 3220 edoctus
1223 3160 1276 3217 est.

222 3261 326 3333 Dt'eit
339 3265 432 3333 enim
446 3279 597 3334 sanctus
607 3263 828 3333 Benedictus
845 3291 855 3334 .·
872 3262 1091 3336 Vestimenta
1106 3259 1277 3347 tratribus,

222 3378 417 3452 seeundum
432 3380 596 3452 locorum
609 3381 817 3479 ‹ptizrlitmem
832 3376 892 3449 nbi
906 3376 1084 3465 habitant,
1100 3379 1278 3451 reinerum

223 3497 452 3593 temperiem,
476 3496 617 3567 dentur.
646 3497 713 3589 Qui
740 3499 776 3567 in
800 3494 938 3594 frigidis
962 3494 1191 3593 regionibus,
1212 3518 1278 3565 am·

222 3613 314 3712 plius
322 3643 332 3701 3
355 3614 390 3685 in
409 3614 528 3684 calidis
547 3639 651 3702 vero,
670 3616 790 3686 minus
809 3612 984 3713 indigent.
1003 3614 1090 3685 Haec
1106 3638 1196 3713 ergo
1208 3634 1280 3684 eon·

222 3731 389 3802 sideratio
403 3756 510 3827 penes
524 3730 690 3803 abbatem
713 3749 777 3803 est.
804 3737 863 3803 Sic
878 3735 987 3802 etium
1002 3731 1050 3803 cle
1063 3731 1144 3804 cibo
1157 3747 1192 3803 et
1204 3743 1279 3831 potu

220 3887 492 3897 ’·-·-“-···-·-·-
697 3890 912 3898 --.-.-.....
928 3890 1143 3897 .-..,.-.,--..,.-
1166 3882 1276 3895 -..μ

256 3962 294 4030 (ι)
308 3960 385 4015 Saint
400 3960 479 4011 sinn·
493 3961 581 4011 arrivn
595 3962 609 4012 Ξι
622 3960 764 4015 Glsnlrnil
780 3982 814 4015 en
831 3960 893 4027 545.
911 3962 958 4017 On
971 3982 987 4016 a
1001 3963 1084 4034 peine.
1097 3966 1113 4019 'a
1126 3962 1279 4037 s'expliquer

222 4059 362 4103 connncnt
376 4048 487 4118 l‘Anjon
503 4050 610 4120 ponvnit
627 4053 787 4122 opportunis
802 4054 817 4104 it
834 4051 1029 4119 Thiodebert,
1046 4053 1087 4106 roi
1105 4049 1278 4111 d’Austrasim

221 4138 376 4211 rependant
390 4138 413 4191 le
428 4140 476 4191 fait
490 4139 551 4190 n'en
566 4141 652 4208 potnit
668 4160 713 4212 pas
728 4142 816 4193 tnoins
831 4141 938 4212 positis,
955 4139 1064 4215 dapnes
1076 4139 1103 4195 le
1115 4140 1277 4211 tomoignap

222 4226 259 4278 dn
273 4226 426 4297 biographo
438 4228 656 4297 contemporsin.
