3046 5244
434 432 550 495 tantu
570 434 757 495 OCTAVUS.
1071 438 1133 499 tta

62 564 155 635 sium
171 561 358 636 Rodberto
376 562 573 656 dederunt,
592 591 638 639 ne
654 563 914 641 monasterium
930 580 967 638 et
983 566 1134 639 colonos·

62 682 137 780 ejus
153 679 303 753 ulterius
317 706 445 756 vexare
461 684 537 781 (r),
552 682 613 757 sed
629 685 666 757 in
680 708 765 783 pace
777 684 841 757 Dei
858 683 1015 757 cultores
1027 683 1132 782 legali

63 797 244 871 theusebia
263 801 317 896 (2)
337 799 533 898 tripudiare
549 801 696 875 sineret.
715 801 788 874 Atii
803 826 949 902 quoque
964 796 1132 873 monachi

60 932 97 989 et
112 918 265 989 inermes
279 918 401 991 clerici
414 917 522 990 simili
535 918 956 1016 pretioseredemerunt,
971 916 1134 1016 datisque

59 1034 199 1133 maguis
215 1032 416 1130 sumptibus
434 1033 660 1111 lrendentem
678 1053 873 1135 tyranuum
889 1036 957 1109 sibi
976 1035 1135 1135 placave-

60 1167 162 1237 runt,
176 1151 259 1250 quia
272 1167 358 1225 tunc
372 1151 556 1250 ingentem
568 1154 743 1228 saevitiam
755 1156 830 1255 ejus
840 1179 943 1254 reges
954 1179 1015 1226 sen
1027 1151 1135 1226 duces

60 1267 252 1368 principali
271 1294 419 1342 censura
441 1272 625 1371 corrigere
640 1271 685 1345 ad
701 1273 858 1373 quietem
881 1272 1133 1359 ecclesiarum,

60 1401 296 1482 negaverunt.

110 1500 232 1575 XXV.
248 1499 401 1603 [1095l]
412 1505 453 1576 ln
463 1504 589 1579 diebus
602 1506 686 1594 illis,
700 1505 840 1606 antiqui
852 1507 1057 1605 optimates,
1068 1506 1132 1606 qui

59 1615 126 1688 sub
141 1616 326 1691 Rodberto
340 1618 449 1706 duce,
467 1619 521 1692 vel
534 1620 611 1693 lilio
624 1623 698 1720 ejus
710 1620 907 1694 Guillelmo
921 1646 1023 1721 rege,
1039 1621 1135 1693 mili·

60 1751 247 1823 taverunt,
269 1736 437 1810 humanae
457 1737 675 1813 conditionis
696 1763 798 1813 more
816 1735 1001 1813 bominem
1022 1762 1134 1811 exue-

60 1867 161 1923 runt.
172 1852 399 1952 Rogeriusde
407 1855 721 1930 MonteGomerici
731 1853 826 1955 apud
836 1852 1133 1929 scrobesburiam

56 1971 260 2045 monachile
274 1972 413 2045 schema
425 1972 577 2048 devotus
587 1977 754 2074 suscepit,
767 1991 804 2048 et
814 1976 850 2047 in
863 1972 1007 2047 basilica
1018 1973 1132 2046 sancti

56 2086 155 2161 Petri
171 2090 343 2186 apostoli,
360 2117 469 2189 quam
488 2106 588 2163 extra
609 2089 739 2164 urbem
759 2093 855 2165 inter
871 2089 945 2164 duo
958 2089 1130 2161 llumina:

58 2205 215 2280 Meolam
233 2223 270 2280 et
294 2206 504 2297 Sabrinam,
524 2207 689 2283 condidit
711 2211 787 2307 (ὃ),
808 2206 925 2281 tribus
946 2204 1074 2279 diebus
1095 2206 1133 2277 in

58 2322 249 2422 colloquiis
262 2322 393 2396 divinis
407 2342 444 2398 et
457 2326 624 2400 oratione
640 2326 735 2398 iuter
750 2348 872 2397 servos
884 2323 949 2395 Dei
968 2346 1135 2420 perman-

59 2441 118 2515 sit.
137 2440 318 2529 Tandem,
339 2456 391 2515 νι0
408 2443 575 2517 kalendas
590 2443 749 2541 augusti,
765 2458 932 2517 mortuus
951 2456 1022 2529 est,
1042 2439 1132 2512 etin

58 2558 200 2633 basilica
220 2562 333 2633 sancti
352 2562 449 2634 Petri
469 2562 627 2661 sepultus
645 2578 699 2634 est
716 2563 793 2659 (4),
816 2576 1007 2659 postquam
1028 2559 1135 2656 Ilugo

57 2675 102 2749 de
119 2676 245 2749 Monte
258 2678 457 2766 Gomerici,
475 2678 570 2750 lilius
583 2681 671 2778 ejus,
686 2702 805 2751 comes
820 2679 855 2750 in
870 2675 1002 2775 Anglia
1023 2676 1134 2748 sactus

58 2808 127 2880 est,
154 2808 188 2863 et
207 2791 411 2866 llodbertus
427 2793 472 2867 de
492 2794 648 2867 Belismo
669 2810 789 2866 totum
807 2791 984 2866 honorem
1001 2792 1075 2890 ejus
1096 2790 1133 2861 in

58 2909 282 2983 Normannia
301 2928 426 2984 nactus
450 2930 515 2984 cst.
535 2914 651 2985 Porro
669 2910 846 3011 Rogerius
868 2909 1072 2983 Pictavinus
1098 2922 1134 2978 et

58 3026 251 3116 Arnullus,
269 3029 454 3127 Philippus
481 3046 517 3102 et
541 3027 727 3101 Ebrardus
748 3026 793 3100 de
822 3043 969 3125 paterna
997 3021 1134 3097 beredi-

57 3161 130 3217 tate
145 3146 233 3217 nihil
251 3146 473 3235 lrabuerunt3
489 3147 572 3247 quia
593 3147 667 3219 duo
681 3147 839 3245 priores,
857 3160 897 3215 ut
908 3140 1046 3214 dictum
1060 3157 1130 3227 est,

56 3261 260 3335 Rodbcrtus
277 3281 312 3335 ct
335 3267 456 3362 lingo,
474 3265 565 3337 citra
585 3289 685 3336 mare
706 3278 743 3335 ct
755 3263 871 3346 ultra,
888 3276 1005 3332 totum
1022 3260 1133 3357 putris

49 3381 105 3478 jus
134 3379 389 3453 obtinuerunt.
423 3381 598 3479 Rogerius
630 3397 748 3454 tamen
778 3396 815 3452 ct
842 3376 1037 3463 Arnulsus,
1067 3376 1129 3475 qui

53 3497 193 3569 militiae
219 3497 482 3599 probitatisque
509 3498 622 3570 titulis
648 3499 743 3569 inter
765 3493 1041 3570 contubernales
1063 3520 1132 3563 ta-

54 3616 219 3701 lueruut,
241 3618 393 3689 consilio
411 3618 541 3716 patris,
567 3640 700 3716 suaque
723 3614 997 3714 procuratione,
1017 3635 1130 3711 gene-

60 3790 206 3802 -u—

87 3884 96 3947 l
102 3885 126 3949 r)
140 3881 217 3933 :tous
230 3900 349 3952 prnsous
361 3881 429 3953 qu’il
443 3882 503 3935 lauat
515 3880 567 3935 lire
580 3905 586 3934 ι
599 3888 728 3934 arraret.

86 3973 125 4039 (a)
143 3971 178 4024 La
193 3972 284 4042 pictc,
300 3970 324 4024 lc.
336 3972 409 4025 culte
422 3971 457 4025 dc
472 3972 553 4026 llicu.

88 4059 126 4131 (5)
140 4064 236 4133 Yoycz
249 4063 400 4127 cidissus,
416 4074 437 4118 t.
454 4064 494 4129 ll,
510 4083 538 4136 p.
552 4061 613 4129 416.

87 4155 124 4225 ll)
141 4157 176 4207 la·
190 4174 223 4226 '15
232 4154 335 4223 juillet.
353 4157 427 4208 nius
441 4174 573 4227 qwnsnns,
587 4164 684 4209 coutrc
697 4151 831 4224 l'opinion
844 4150 879 4205 ‹lc
893 4166 942 4203 auu
954 4144 1126 4203 elevantum,

55 4260 105 4305 qiu
120 4262 151 4297 cc
167 4246 208 4296 lut
225 4264 258 4296 cu
278 4243 343 4315 nuti
