3046 5244
65 450 273 531 [noar-rosa]
429 446 542 511 tinen
562 448 751 512 ocrlvus.
1080 453 1140 523 ua

63 583 180 655 manis
196 579 357 653 simultas
377 581 510 671 furuit,
533 595 570 653 et
588 595 741 682 uterque
763 579 868 654 alteri
892 605 1024 657 sincere
1046 610 1139 659 con-

64 700 234 798 cupivit(
260 700 288 797 ).
1215 686 1221 697 ⁸

51 912 58 922 ·
114 818 236 890 lllcnse
247 813 431 890 februario
445 817 521 914 (a),
542 816 726 891 Asceliuus
738 816 934 892 Ricardum
945 816 991 891 de
1008 818 1137 893 Monte

62 934 162 1008 Forti
185 950 222 1007 et
236 933 409 1006 familiam
426 932 582 1034 Philippi
603 934 697 1035 regis
719 933 787 1008 sibi
808 936 951 1026 ascivit,
975 951 1013 1010 et
1030 935 1139 1010 Guil-

63 1051 226 1140 lelmum,
244 1050 433 1125 dominum
448 1078 567 1141 suum,
581 1069 708 1127 contra
720 1052 810 1127 sead
821 1080 981 1154 pugnam
990 1055 1138 1129 venien-

63 1187 134 1245 tem
152 1169 320 1243 audacter
336 1173 493 1269 excepit,
512 1172 601 1246 uicit
616 1188 653 1245 et
669 1169 968 1271 comprehendit,
987 1191 1024 1247 et
1037 1199 1138 1247 exer·

62 1288 175 1361 citum
197 1291 291 1388 ejus,
310 1290 421 1388 captis
438 1288 653 1390 quibusdam
669 1288 868 1379 militibus,
889 1290 1041 1391 fugavit.
1060 1293 1136 1367 Hac

62 1404 181 1505 itaque
200 1406 347 1480 victoria
369 1406 502 1495 elatus,
530 1407 637 1480 nimis
658 1405 849 1496 intumuit,
872 1406 1135 1509 dominumque

60 1549 182 1611 suum,
202 1540 238 1596 et
255 1523 453 1623 Rogerium
469 1522 513 1596 de
529 1522 666 1615 Glotis‚
685 1522 846 1624 aliosque
861 1549 952 1624 quos
969 1540 1133 1623 ceperat,

61 1637 256 1713 crudeliter
275 1638 462 1712 cruciavit.
483 1638 589 1723 Nam,
607 1664 673 1738 per
689 1655 762 1712 tres
778 1664 931 1728 menses,
958 1640 995 1712 in
1017 1656 1136 1715 castro

59 1753 295 1828 Breherrallo
307 1780 369 1828 eos
383 1757 419 1829 in
434 1781 578 1830 carcere
587 1757 748 1843 strinxit,
761 1771 798 1829 ct
809 1756 1033 1847 multotiens,
1046 1756 1134 1830 dum

60 1873 170 1945 nimia
191 1870 304 1944 hiems
330 1874 490 1962 saeviret,
512 1873 548 1946 in
573 1875 657 1948 solis
681 1874 854 1963 camisiis,
873 1900 964 1975 aqua
985 1873 1135 1974 largiter

59 1987 285 2073 humectatis,
303 1989 339 2060 iu
350 1990 505 2062 fenestra
517 1988 681 2064 sublimis
696 1990 788 2064 aulae
801 1991 928 2065 Boreoe
944 1992 999 2064 vel
1014 1991 1134 2066 Circio

57 2106 241 2204 exposuit,
261 2105 377 2179 donec
395 2123 468 2180 tota
486 2109 594 2180 uestis
610 2110 702 2181 circa
720 2132 853 2207 corpus
870 2108 1078 2183 vinctorum
1095 2108 1132 2182 in

58 2249 134 2297 uno
159 2224 241 2322 gelu
258 2222 421 2324 diriguit.
440 2224 623 2312 Tandem,
642 2223 973 2299 intercurrentibus
989 2226 1131 2316 amicis,

57 2368 126 2441 pax
142 2342 237 2415 inter
250 2367 310 2415 eos
321 2344 411 2415 sacta
427 2359 493 2433 est,
508 2370 549 2418 ac
565 2343 625 2416 tali
643 2361 769 2417 tenore
780 2343 998 2418 Guillelmus
1010 2345 1133 2445 egredi

55 2458 103 2532 de
121 2484 263 2532 carcere
280 2461 474 2558 permissus
490 2476 556 2534 est.
575 2460 687 2535 lsabel
697 2515 708 2550 ,
728 2459 840 2533 liliam
856 2488 977 2549 suam,
1002 2461 1132 2537 Goello

57 2576 248 2674 conjugem
266 2574 384 2666 dedit,
407 2592 444 2649 et
465 2576 533 2649 tria
554 2576 652 2650 milia
672 2574 850 2650 librarum
872 2603 955 2651 cum
976 2579 1134 2679 equitet

56 2692 186 2778 armis,
207 2691 356 2791 aliisque
378 2690 503 2764 multis
520 2690 723 2792 sumptibus
745 2694 928 2793 erogavit,
954 2708 991 2766 et
1012 2718 1133 2768 arcem

55 2806 102 2881 de
118 2807 238 2883 lbreio
255 2810 423 2908 promisit
438 2813 505 2908 (ὅ).
524 2811 588 2883 llis
605 2812 653 2883 ita
673 2810 898 2910 compositis,
918 2810 1133 2884 Guillelmus

58 2924 154 2999 liber
180 2927 312 2998 extitit.
337 2925 405 3000 Sed
429 2955 498 3027 pax
521 2956 630 3031 quam
655 2928 886 3027 pepigerant,
912 2955 1040 3028 parum
1062 2927 1133 3002 du-

57 3062 472 3264 ravSiiipuentianno(l1'),
488 3162 705 3236 Guillelmus
713 3219 724 3254 ,
742 3163 990 3265 inquietudine
1003 3165 1134 3238 stimu-

364 3339 548 3347 ...φρ----ψ’
562 3340 596 3347 ς..
630 3338 806 3346 ---.-·-ιιο
819 3339 856 3347 -—
866 3338 1130 3350 ——0----—-----·

91 3433 102 3501 (
108 3435 132 3501 ι)
146 3433 200 3486 Ces
212 3434 388 3486 evenenacnts
401 3440 483 3503 ayant
495 3428 613 3504 pre'cc'de
625 3439 655 3484 et
665 3430 763 3483 ameue'
775 3428 800 3484 le
812 3427 924 3483 combat
934 3437 1014 3483 entre
1022 3429 1134 3487 Atoeliu

56 3518 129 3575 (loel
146 3531 175 3574 ct
191 3520 353 3575 Guillauiuc
371 3520 406 3575 dc
428 3517 565 3585 Bretenil,
581 3536 637 3592 que
652 3534 723 3571 nous
741 3535 859 3590 croyons
877 3517 955 3571 avoir
972 3522 1077 3590 prout&
1093 3521 1133 3576 ci·

57 3610 153 3665 (lessus
167 3613 329 3684 appartrnir
346 3630 382 3665 au
400 3610 471 3664 mois
486 3608 522 3664 de
541 3608 642 3664 letrici
664 3624 745 3680 1092,
765 3605 785 3661 il
802 3618 844 3663 eet
863 3607 1023 3682 impossible
1041 3608 1076 3665 de
1094 3609 1134 3665 lea

57 3701 151 3775 placer
167 3721 202 3756 en
219 3707 295 3775 ¹094·

91 3795 131 3861 (a)
148 3792 222 3845 Dans
237 3791 262 3845 la
276 3791 397 3848 scmainc
411 3790 450 3844 du
467 3808 501 3846 aa
514 3810 549 3844 au
565 3807 601 3863 29
613 3789 716 3844 lcarier
734 3807 811 3862 ¹⁰9²·

92 3879 132 3951 (3)
152 3882 247 3953 l'oyea
267 3881 418 3947 ci-dcssus,
440 3901 468 3954 p.
485 3879 548 3938 332.
566 3880 730 3936 Gnillaume
749 3878 784 3935 de
806 3879 927 3935 Breteuil
949 3880 1135 3954 nuptasque

57 3983 212 4045 promettre
228 3972 253 4027 le
267 3973 383 4027 clriteau
399 3971 481 4027 d'lvri
495 3975 511 4027 ’a
525 3971 634 4027 Asceliu
648 3970 735 4036 Goel,
751 3969 771 4025 il
786 3969 813 4025 le
826 3969 865 4026 lui
877 3970 945 4026 livra
958 3969 1022 4025 bien
1037 3969 1134 4025 neelle-

58 4071 154 4124 meut,
174 4079 282 4116 comme
300 4081 337 4116 on
355 4081 386 4115 va
405 4063 473 4116 voir.
495 4063 531 4117 Le
550 4060 641 4116 feroce
655 4061 786 4133 seigneur
804 4059 839 4115 de
861 4060 957 4116 Breral
977 4059 1073 4114 n'e‘tait
1087 4077 1135 4132 pas

56 4149 91 4206 de
103 4153 243 4207 caractere
258 4157 273 4207 a
287 4171 315 4208 se
329 4163 475 4209 contenter
488 4152 524 4208 de
537 4153 630 4207 taines
644 4167 807 4224 promentes.

92 4243 134 4315 (4)
150 4241 191 4295 Eu
207 4242 288 4316 ¹⁰93·
