3046 5244
381 693 559 782 LIBER
592 691 803 785 NONUS.

108 1154 379 1231 vicissitudines
391 1172 598 1255 temporum
609 1172 647 1231 et
658 1180 782 1230 rernm
790 1171 948 1230 eternus
956 1154 1137 1231 Conditor

60 1272 240 1371 sapienter
256 1269 521 1373 salubriterque
537 1268 702 1361 ordinat,
727 1295 796 1345 nec
811 1270 856 1345 ad
868 1271 1000 1347 libitus
1017 1271 1139 1345 inluu-

61 1390 223 1464 uitorum
245 1414 302 1462 res
317 1387 489 1462 humanas
508 1386 672 1487 disponit
684 1415 729 1475 rc,
744 1389 878 1481 variat3
896 1386 956 1463 sed
975 1389 1011 1462 in
1028 1412 1141 1463 manu
1252 1432 1262 1447 ·

59 1506 201 1606 potenti
220 1522 257 1579 et
279 1504 428 1581 baacbio
454 1506 596 1581 excelso
613 1507 673 1607 pie
698 1520 836 1595 seruat,
865 1529 1026 1607 congrue
1045 1529 1139 1604 pro-

59 1620 159 1695 vehit
175 1648 217 1694 ac
232 1620 429 1721 dispensat.
449 1622 527 1696 lloc
545 1622 582 1696 iu
597 1620 714 1695 hieme
725 1636 762 1695 et
773 1636 897 1695 estate
910 1620 1029 1721 palam
1040 1618 1140 1693 ride·

60 1763 158 1824 mus,
175 1735 244 1810 boc
261 1735 497 1811 nihilominus
513 1738 550 1810 in
563 1738 701 1837 frigore
718 1752 755 1811 et
770 1751 932 1811 caumate
948 1733 1138 1835 (1)senti·

61 1880 158 1939 mus,
179 1853 248 1927 hoc
277 1854 313 1926 in
334 1845 498 1927 omilium
521 1880 645 1928 rerum
665 1869 751 1927 ortu
777 1869 815 1927 et
831 1879 957 1927 occasu
976 1876 1139 1952 perpen-

59 1969 192 2059 dimus,
202 1987 241 2044 el
251 1973 287 2044 in
300 1972 492 2071 multiplici
505 1972 678 2046 uarietate
689 1996 842 2073 opernm
854 1972 920 2045 Dei
933 1973 1003 2044 rite
1012 1970 1139 2045 rimari

59 2114 259 2189 possumus.
288 2088 376 2162 lude
401 2090 621 2190 multiplices
644 2107 895 2191 propagantur
919 2088 1079 2164 historioe
1094 2086 1141 2161 dc

60 2207 286 2281 multimodis
309 2206 514 2294 eventibus,
532 2209 594 2308 qui
619 2205 714 2281 liunt
737 2208 776 2281 in
800 2205 939 2281 mundo
956 2202 1139 2308 quotidie,

61 2341 99 2398 et
128 2324 309 2400 dicacibus
346 2323 647 2427 historiographis
682 2339 964 2426 augmentantur
982 2323 1143 2423 'copiose

60 2441 158 2514 sandi
173 2442 346 2514 materiae.
366 2444 453 2516 lloec
478 2442 559 2516 ideo
580 2440 789 2516 medullitus
807 2424 1016 2531 considero,
1032 2438 1145 2514 medi·

63 2574 227 2659 latusque
251 2585 350 2633 meos
369 2560 500 2632 litteris
516 2560 681 2661 assigno;
697 2559 781 2661 quia
809 2557 1033 2659 temporibus
1054 2583 1144 2632 nos·

62 2676 129 2749 tris
142 2677 318 2775 insperata
328 2677 371 2748 lit
381 2677 618 2776 permutatio,
632 2690 669 2751 et
680 2675 820 2777 insigne
829 2675 949 2749 thema
964 2673 1142 2749 referendi

61 2793 172 2883 mira,
192 2795 425 2892 praestruitur
441 2794 662 2868 dictatorum
677 2794 812 2869 studio.
832 2794 889 2866 En
904 2792 1145 2892 lerosolymi-

63 2926 187 2983 tanum
204 2911 272 2983 iter
287 2911 459 2984 divinitus
475 2912 600 3000 initur,
619 2940 639 2985 a
653 2911 778 2985 multis
790 2908 1067 2985 occidentalium
1080 2936 1144 3010 po-

61 3026 156 3125 pulis
170 3053 261 3098 nnus
279 3052 365 3124 grex
381 3029 478 3100 miro
496 3026 606 3102 modo
619 3028 845 3127 congeritur,
862 3043 898 3100 et
918 3042 1045 3103 couua
1068 3024 1145 3098 etb-

61 3146 164 3216 nicos
178 3145 212 3216 in
231 3145 325 3217 ans
338 3159 456 3243 partes
473 3170 566 3216 uatus
580 3145 758 3217 exercitus
771 3142 1000 3218 conducitur.
1014 3144 1145 3216 Sancta

62 3260 149 3334 Sion
175 3290 193 3332 a
219 3261 300 3332 filiis
318 3263 408 3349 suis,
428 3262 490 3361 qui
516 3259 561 3333 de
580 3262 790 3362 longinquis
813 3259 1021 3361 regionibus
1045 3260 1144 3332 ultro

64 3378 250 3466 exierunt,
271 3376 439 3475 eripitur,
463 3374 647 3475 allophilis
663 3375 832 3464 devictis,
860 3401 879 3447 a
906 3373 1037 3474 quibus
1054 3373 1145 3446 olim

62 3510 183 3567 sancta
202 3496 326 3567 ciuitas
344 3492 640 3583 conculcabatur,
659 3507 697 3565 et
707 3493 951 3566 sanctuarium
968 3490 1033 3563 Dei
1051 3488 1146 3563 tiela·

63 3613 118 3685 rie
132 3611 462 3685 contaminabatur.
479 3608 712 3685 Detestabiles
724 3611 823 3684 enim
836 3608 1008 3711 Agaroni,
1019 3607 1146 3681 divino

61 3729 198 3830 judicio
218 3732 452 3828 permittente
459 3728 772 3823 ,Christianorum
794 3723 1146 3828 limitesjamdudum

64 3849 305 3937 transierunt,
321 3849 449 3922 Sancta
463 3849 557 3922 Loca
572 3849 794 3938 invaserunt,
805 3843 1036 3920 Christicolas
1050 3838 1148 3914 habi·

64 3981 199 4040 tutores
214 3969 496 4055 interemerunt,
511 3967 762 4066 spurcitiisque
770 3966 842 4038 suis
852 3959 1148 4038 abominabiliter

68 4134 1136 4191 ——--—--——r----

101 4236 110 4285 l
117 4240 140 4301 a)
156 4233 279 4288 Cluleur
293 4229 428 4291 excessivo
440 4236 492 4307 (de
505 4248 578 4295 artu.
595 4235 719 4305 brailes.)
