3046 5244
64 461 221 541 [asson
442 457 557 519 arasa
578 456 735 519 ssxrns.
1077 458 1113 519 sr

64 591 176 665 mlum
185 644 196 678 ,
212 612 323 690 quem
336 615 445 661 manu
461 587 636 687 gestabat,
656 591 692 661 in
707 605 801 661 terra
816 586 957 677 defixit,
975 589 1120 688 Deoquc

62 708 189 809 gratias
207 732 336 806 agens,
355 704 524 778 ambabus
544 704 708 778 manibus
724 732 870 805 agapem
885 709 935 803 (r)
953 707 1117 805 suscepit.

61 825 220 924 Cumque
247 821 292 894 de
320 820 429 896 humo
453 821 619 894 baculum
637 821 880 908 abstraxisset,
908 847 974 895 nec
1006 819 1120 893 adbuc

61 940 293 1036 noemosynae
316 937 473 1035 portitor
497 935 541 1009 dc
565 937 645 1010 loco
670 937 882 1024 recessisset,
903 935 1021 1008 subito
1043 936 1123 1009 lons

62 1082 224 1159 magnus,
240 1053 420 1153 cuspidem
432 1054 547 1127 baculi
561 1071 712 1143 secutus,
728 1056 865 1152 erupit,
881 1055 942 1154 qui
959 1053 1120 1153 usquein

64 1173 277 1248 hodiernum
292 1172 387 1244 diem
406 1171 598 1261 ebulliens,
625 1172 757 1246 ibidem
776 1171 869 1245 lluit.
893 1174 933 1244 ln
952 1198 1025 1272 quo
1044 1171 1124 1245 loco

62 1292 185 1365 multae
203 1289 432 1363 infirmorum
455 1293 618 1364 sanitates
634 1308 783 1389 patratae
807 1307 908 1380 sunt,
928 1290 1024 1363 etde
1042 1289 1122 1362 lon-

62 1409 204 1509 ginquis
229 1406 436 1507 regionibus
463 1407 703 1483 febricitantes
727 1435 795 1507 pro
817 1406 994 1482 desiderio
1018 1433 1125 1479 cura-

64 1525 168 1598 tionis
179 1524 266 1597 illuc
274 1525 372 1598 asciti
384 1541 479 1598 sunt.
496 1526 564 1598 Per
575 1528 691 1598 visum
702 1527 809 1598 etiam
820 1524 1123 1626 pluribusjussum

63 1658 110 1713 est
127 1657 169 1714 ut
189 1667 257 1740 pro
272 1642 384 1714 salute
404 1641 636 1716 nanciscenda
655 1643 857 1716 Uticensem
875 1644 1005 1718 saltum
1022 1668 1125 1741 quae-

64 1773 197 1847 terent,
211 1756 304 1830 etde
317 1759 353 1830 S.
368 1758 509 1831 Ebrutti
519 1761 617 1833 sonte
628 1765 688 1860 qui
700 1777 822 1833 manat
833 1760 920 1849 illic,
940 1758 1123 1832 biberent.

66 1874 185 1948 Plures
202 1876 314 1974 igitur
328 1875 373 1948 de
387 1876 592 1975 Burgundio
609 1879 664 1950 vel
681 1876 891 1976 Aquitania,
910 1903 970 1949 seu
989 1875 1034 1950 de
1050 1875 1126 1947 aliis

68 1990 262 2065 Galliarum
287 1991 493 2091 regionibus
514 1995 697 2082 exierunt,
718 1995 863 2067 Uticum
884 2021 965 2068 cum
988 2018 1126 2065 summa

68 2108 271 2182 difficultate
295 2112 531 2209 quesierunt,
554 2128 591 2183 et
615 2112 674 2184 vix
701 2111 802 2210 (quia
828 2128 915 2183 tunc
942 2111 1041 2183 locus
1068 2110 1127 2181 ille

69 2226 237 2301 obscuros
262 2244 358 2315 erat,
381 2229 431 2299 uti
455 2227 632 2319 desertus)
651 2228 875 2328 indagantes,
895 2229 1125 2301 invenerunt.

69 2344 227 2418 Tandem
250 2347 399 2419 invento
422 2349 520 2420 sonte
543 2374 624 2419 cum
643 2348 857 2435 hausissent,
876 2364 912 2419 et
939 2345 1021 2419 inde
1045 2371 1127 2419 cum

70 2462 176 2534 sancti
195 2461 352 2535 nominis
372 2463 593 2536 invocatione
610 2462 764 2537 fideliter
781 2462 970 2549 bibissent,
991 2487 1051 2534 seu
1065 2487 1129 2532 ca-

71 2593 131 2676 put
147 2579 204 2651 vel
218 2578 284 2651 alia
298 2578 458 2652 membra
476 2580 660 2667 lavissent,
682 2597 822 2680 recepta
840 2583 988 2653 sanitate
1005 2577 1131 2678 gaude-

71 2692 166 2783 bant,
180 2695 328 2795 Deoque
341 2697 470 2793 gratias
480 2713 635 2795 agentes,
647 2696 691 2769 ad
705 2697 851 2796 propria
862 2696 935 2769 laeti
948 2693 1127 2768 redibant.

117 2815 205 2903 [103
214 2811 374 2910 r·1060.]
387 2812 472 2884 llaec
486 2809 617 2884 ibidem
629 2837 694 2910 per
708 2811 818 2884 multa
829 2812 954 2885 saecula
967 2814 1132 2911 frequen-

73 2944 122 2998 ter
133 2953 245 3026 usque
259 2925 302 2998 ad
316 2944 475 3027 tempora
490 2929 635 3001 llenrici
647 2930 739 3028 regis
750 2930 973 3003 Francorum
988 2931 1042 3026 (α)
1055 2955 1132 3028 age-

73 3040 214 3131 bantur,
230 3041 316 3114 dum
328 3060 408 3141 post
418 3042 696 3116 devastationem
708 3045 892 3119 Danorum
904 3045 1133 3118 rarocultore

72 3159 243 3232 Uticensis
252 3185 361 3258 pagus
372 3159 608 3233 incolebatur.
620 3163 722 3234 Tune
734 3161 878 3262 quidam
888 3163 1060 3260 pagensis,
1072 3186 1135 3233 no·

73 3279 165 3350 mine
172 3279 419 3378 Berengarius,
427 3305 469 3352 er
478 3295 624 3377 paterna
633 3281 851 3353 successione
862 3278 950 3351 illud
959 3304 1136 3350 russusce·

75 3393 140 3489 pit;
152 3410 202 3480 et,
216 3420 262 3467 ne
271 3394 499 3468 adventantes
510 3396 644 3469 infirmi
654 3415 725 3469 sata
737 3423 797 3467 sua
808 3395 1045 3484 devastarent,
1057 3399 1136 3469 lon·

77 3523 143 3579 nm
155 3533 237 3608 sepe
253 3511 506 3584 circumclusit.
521 3512 654 3584 Dolens
671 3537 824 3611 namque
837 3510 993 3584 ruricola
1007 3510 1136 3583 crebro

77 3623 288 3699 irascebatur
306 3627 402 3727 quod
420 3646 540 3726 prata,
560 3628 677 3718 horti,
696 3646 732 3703 et
747 3629 813 3701 alia
830 3655 911 3729 quae
931 3626 1136 3700 incircuitu

79 3809 345 3824 Μ’...-

696 3818 967 3828 ————----—-
986 3817 1055 3824 -—--*-
1083 3818 1088 3823 ·
1103 3816 1135 3824 0-

112 3910 148 3980 (ι)
157 3912 194 3965 Ce
206 3924 267 3966 mot
277 3912 347 3967 u'est
361 3932 406 3986 pas
419 3916 475 3986 pris
494 3916 530 3969 ici
541 3915 609 3970 daus
618 3933 668 3970 son
681 3935 742 3972 sens
759 3917 881 3989 primitis
895 3917 930 3971 dc
942 3935 1022 3990 repas
1033 3917 1082 3970 fait
1099 3934 1133 3968 en

79 4016 202 4054 common
219 4001 288 4055 daos
302 4001 340 4056 les
357 4002 452 4075 eglises
470 4024 523 4059 aux
537 4005 704 4078 principales
726 4006 892 4074 solennites,
905 4010 973 4062 mais
985 4007 1052 4064 dans
1065 4004 1135 4059 celui

80 4085 114 4139 de
124 4092 282 4146 nourriture
293 4091 445 4148 distribues
459 4113 511 4149 aux
524 4114 646 4167 pauvres.

115 4178 150 4242 s‘tl
164 4179 209 4240 (ao
220 4180 315 4251 juillet
332 4179 520 4256 1031·¹29201it
537 4182 627 4251 1060).
