3046 5244
229 528 312 601 ram
326 524 412 599 sset·
603 523 720 584 tissa
742 521 898 583 sexsus.
1239 525 1279 583 so

228 672 261 727 ut
282 681 407 727 eorum
433 654 650 754 quandoque
676 653 938 756 impudentium
958 665 1120 751 potenter
1134 657 1277 752 puniat.

226 768 323 843 Tune
336 769 417 856 ille,
435 769 470 841 in
484 767 538 842 his
553 768 776 843 sermonibus
793 793 944 867 superna
958 783 1193 864 compunctus
1204 792 1281 867 gra·

228 888 269 959 tia
278 941 289 975 ,
303 912 469 960 reversus
478 902 532 959 est
544 884 588 959 ad
599 888 758 987 propria.
777 886 882 959 Mane
893 900 1012 958 autem
1022 884 1133 973 lacto,
1149 910 1282 957 renun-

227 1006 320 1078 ciatis
345 1003 515 1078 omnibus
542 1031 621 1105 quse
647 1003 819 1092 babebat,
845 1002 1039 1101 deportans
1066 1026 1184 1074 secum
1211 1017 1282 1074 tres

228 1139 361 1195 tantum
393 1120 645 1196 subcinericios
671 1147 779 1221 panes
805 1136 841 1194 et
864 1122 981 1192 savum
1009 1117 1147 1209 mellis,
1173 1118 1281 1191 citato

228 1238 310 1311 ealle
327 1237 511 1337 repedavit
523 1239 568 1311 ud
583 1264 702 1314 servos
718 1239 801 1327 Dei,
819 1255 855 1311 et
874 1236 1061 1336 procidens
1077 1253 1160 1309 ante
1176 1234 1283 1336 pedes

227 1356 260 1427 S.
279 1355 443 1444 Ebrulli,
462 1357 614 1454 protulit
636 1357 790 1457 eulogias
808 1355 1066 1428 benedictionis
1086 1354 1164 1453 (t);
1182 1379 1283 1427 mox·

227 1496 292 1572 que
306 1473 442 1545 Sancto
454 1474 588 1547 afflatus
598 1475 753 1573 Spiritu,
767 1472 1047 1547 emendatiorem
1057 1473 1168 1544 vitam
1181 1472 1284 1571 polli-

227 1589 334 1675 eitus‚
362 1588 495 1662 ibidem
524 1590 761 1664 monachilem
783 1588 930 1690 adeptus
952 1607 1005 1662 est
1027 1589 1281 1687 professionem

228 1706 374 1803 primm.
390 1706 505 1798 Quem
519 1707 696 1780 imitantes
709 1707 814 1780 multi
826 1705 981 1807 ejusdem
996 1706 1094 1779 silvae
1113 1706 1281 1791 latrones,

230 1846 288 1919 per
299 1820 585 1896 admonitionem
599 1823 691 1896 beati
711 1825 778 1897 viri
797 1841 858 1897 aut
874 1823 1008 1897 fiebant
1023 1822 1209 1909 monachi,
1223 1839 1284 1894 ant

228 1936 425 2012 herentes
442 1941 629 2015 latrocinia
641 1940 884 2015 efficiebantur
895 1942 1050 2014 cultores
1058 1941 1151 2041 agri.
1162 1938 1222 2041 *Ex
1236 1940 1286 2010 si·

229 2057 312 2129 cinis
330 2059 439 2130 etiam
464 2058 549 2132 locis
565 2061 656 2132 sama
679 2058 884 2158 divulgante
899 2058 994 2131 beati
1012 2058 1079 2130 viri
1103 2081 1235 2129 nomen
1250 2071 1286 2127 et

228 2177 413 2258 meritum,
440 2178 605 2250 nottnulli
633 2177 825 2250 veniebant
852 2177 896 2249 ad
920 2202 1022 2265 eum,
1046 2173 1285 2246 desiderantes

228 2294 299 2392 ejus
311 2295 547 2392 contemplari
565 2296 761 2393 angelicam
778 2297 902 2368 faeiem
912 2349 923 2382 ,
944 2311 981 2366 et
991 2291 1283 2393 jocundissimum

229 2407 347 2481 audire
360 2434 576 2483 sermonem.
593 2412 755 2513 Cumque
767 2411 798 2484 ei
809 2411 1100 2483 administrarent
1111 2433 1192 2509 quae
1207 2432 1286 2480 eor-

231 2529 304 2625 pori
324 2545 429 2600 erant
446 2531 660 2616 necessaria,
679 2531 798 2602 relecti
816 2526 1057 2627 spiritualibus
1071 2553 1152 2598 cum
1165 2525 1288 2597 alacri·

232 2659 297 2717 tate
310 2646 442 2716 mentis
459 2645 666 2718 remeabant
679 2643 721 2717 ad
733 2672 805 2717 sua.
820 2643 973 2740 Quidam
985 2659 1104 2715 autem
1120 2667 1164 2715 ex
1182 2641 1287 2739 ipsis,

233 2778 268 2832 ut
287 2778 501 2835 meruerunt
525 2765 659 2862 pertrui
683 2764 756 2863 ejus
779 2763 980 2863 colloquio,
1001 2759 1286 2860 deprecabantur

234 2879 355 2951 ascribi
385 2896 457 2951 tam
484 2881 657 2977 spirituali
682 2881 851 2979 collegio,
875 2883 1018 2980 jamque
1040 2895 1190 2978 propter
1212 2879 1286 2949 sre-

235 2999 409 3093 quentiam
429 2999 649 3069 venientium
668 2995 836 3095 ptraedicta
861 2998 946 3070 silva
972 2995 1172 3068 solitudinis
1196 2994 1287 3064 ami-

237 3130 322 3182 serat
337 3111 564 3184 vocabulum.
588 3146 604 3180 n

282 3262 299 3295 ιι
320 3231 552 3303 decrescente
575 3233 690 3331 itaque
713 3257 862 3303 numero
876 3231 1048 3312 fratrum,
1068 3225 1288 3300 accrescebat

243 3361 273 3415 et
285 3347 321 3419 iu
338 3346 443 3421 beato
458 3347 611 3421 Ebrullo
627 3350 738 3447 gratia
754 3350 941 3419 virtutum.
961 3345 1144 3418 Patientia}
1156 3345 1289 3446 quippe

250 3544 446 3560 δήσω..
466 3554 499 3561 -—
512 3556 527 3561 ...
537 3555 552 3561 -Α
580 3557 588 3560 -
614 3557 617 3560 .
658 3553 781 3562 -.-...
808 3549 1284 3561 *ψ--ηη--ι--ι--α

276 3668 294 3716 ·ἰ
318 3666 363 3719 ln
376 3665 497 3738 eulogias
508 3670 609 3723 etaient
621 3669 690 3723 daus
703 3668 728 3724 la
741 3670 879 3741 primitive
888 3660 979 3742 Eglise
989 3669 1037 3723 des
1050 3670 1128 3742 palus
1137 3668 1229 3724 offerta
1242 3688 1291 3742 par

252 3750 281 3804 les
291 3755 376 3810 fideles
387 3771 415 3812 et
430 3759 507 3812 benis
522 3780 569 3832 par
588 3761 612 3814 le
626 3761 732 3832 pectre,
748 3760 818 3814 dont
831 3778 866 3814 on
885 3760 1016 3814 re'scrvalt
1031 3780 1084 3813 une
1102 3771 1163 3833 part
1181 3780 1252 3834 potu
1266 3760 1290 3814 la

252 3851 425 3913 communion,
450 3860 477 3902 et
499 3848 568 3903 dont
581 3849 605 3903 le
618 3862 688 3904 rest·
702 3851 769 3904 etait
781 3854 794 3903 a
808 3850 831 3904 la
846 3851 882 3905 stu
900 3851 934 3905 de
948 3851 971 3905 la
988 3870 1073 3906 messe
1086 3849 1221 3906 distribue
1238 3870 1290 3905 aux

255 3947 385 3997 asstante
409 3941 513 3991 crux-ei
535 3958 569 3992 ne
582 3942 728 4011 pousairnt
741 3940 778 3994 les
790 3953 915 4015 acceptor
926 3953 955 3996 et
968 3943 1022 3996 s'en
1037 3942 1149 3996 nourrir
1162 3962 1216 4015 que
1228 3960 1289 3995 sous

256 4017 273 4069 la
284 4026 413 4081 condition
427 4029 542 4082 ‹l'itrca
558 4030 639 4099 jeun;
660 4029 725 4084 elles
745 4031 892 4086 tenaieutb
907 4050 959 4105 peu
977 4034 1039 4105 pres
1053 4033 1107 4086 lieu
1121 4031 1156 4085 de
1172 4030 1195 4083 la
1218 4048 1292 4083 com·

258 4114 350 4167 atuuion
364 4124 376 4166 ,ι
389 4136 456 4169 ectu
477 4119 525 4189 qui
543 4118 675 4172 n'atalcnt
690 4139 726 4191 pu
744 4139 761 4191 y
775 4122 934 4193 participer.
956 4124 996 4176 Ce
1015 4121 1109 4175 iurent
1122 4121 1230 4172 ensuite
1243 4118 1289 4171 des

258 4213 316 4260 tetus
325 4225 358 4258 on
373 4219 466 4261 autres
478 4207 602 4262 alimenta
613 4209 717 4271 lainits,
731 4211 813 4282 qn’on
826 4212 972 4282 s’enroyait
984 4214 1240 4284 reciproquement,
1254 4227 1291 4262 ou

258 4290 321 4355 ‘tt'on
334 4295 490 4351 distribuait
503 4303 516 4351 a
530 4299 608 4352 table.
