3016 5242
218 419 461 493 {tw-nuum.
475 414 567 491 1099]
612 408 730 481 LIBER
751 409 889 475 NONUS.
1221 412 1283 475 bll

217 548 416 648 subjugatae
445 543 547 618 urbis
567 543 832 644 spoliaverunt,
856 542 913 618 vel
939 554 1210 634 cremaverunt3
1226 541 1289 619 sed

217 667 310 737 sicut
330 661 456 736 domos
478 659 647 735 omnibus
667 659 776 735 honis
796 660 946 735 refertas
967 661 1207 751 invenerunt,
1231 685 1291 736 eas

219 783 292 854 suis
315 776 583 853 necessitatibus
604 776 795 879 peculiatas
816 792 1109 867 reservaverunt,
1128 794 1165 852 et
1184 774 1292 853 multi

220 897 406 996 dapsiliter
435 897 581 970 inventa
614 893 889 995 pauperioribus
916 894 1290 973 communicaverunt.

220 1014 474 1113 Unusquisque
503 1010 653 1087 domum
683 1011 1005 1113 qualemcumque,
1035 1036 1204 1113 magnam
1231 1034 1295 1085 seu

221 1158 389 1230 parram,
404 1156 512 1231 quam
526 1129 695 1228 primitus
708 1128 854 1221 invasit,
869 1154 912 1203 ac
923 1128 1078 1203 etbnicis
1088 1128 1293 1219 evacuavit,

221 1248 342 1346 quiete
353 1244 434 1334 sibi,
448 1272 531 1319 cum
542 1244 712 1319 omnibus
722 1246 829 1347 gazis,
842 1240 925 1347 quae
936 1236 1036 1320 ¹intus
1046 1260 1166 1337 mut,
1179 1243 1296 1319 libere

223 1360 397 1462 possedit,
416 1377 453 1447 et
468 1386 579 1462 usque
594 1358 703 1436 hodie
719 1358 939 1435 hereditario
951 1361 1034 1462 june
1049 1360 1219 1437 custodit.

272 1480 480 1570 Christiani,
492 1478 630 1580 jamdiu
644 1477 845 1555 desiderato
860 1479 967 1579 potiti
986 1478 1193 1580 triumpho,
1215 1504 1298 1553 ma-

223 1597 329 1671 nibus
346 1625 365 1670 a
383 1597 480 1671 eaede
495 1595 648 1684 ablutis,
668 1596 777 1670 multi
790 1595 941 1699 pedibus
953 1594 1184 1687 discalciatis,
1206 1622 1299 1697 gau·

223 1716 347 1790 dentes
374 1731 410 1789 et
436 1742 514 1814 prae
537 1713 668 1815 gaudio
688 1712 893 1813 plorantes,
918 1711 962 1787 ad
987 1728 1152 1789 sanetum
1174 1712 1297 1787 Sancti

222 1831 417 1905 salvatoris
434 1830 640 1931 sepulcrum
656 1826 956 1912 deosculandum,
973 1827 1186 1901 catervatim
1208 1852 1297 1927 pro·

225 1963 463 2045 perseverunt,
492 1945 615 2047 ibique
640 1942 905 2045 gratulabunda
927 1941 1077 2019 donaria
1101 1957 1140 2016 et
1164 1941 1300 2018 bostis·

224 2063 386 2162 pacificas
399 2063 626 2138 obtulerunt.
638 2060 743 2136 'l'unc
755 2062 883 2163 ingens
894 2058 1060 2135 fidelibus
1070 2059 1195 2136 laetitia
1206 2060 1275 2133 luit
1281 2114 1294 2151 ,

226 2179 287 2252 ubi
302 2205 428 2253 omnes
441 2178 559 2279 adepti
573 2194 657 2252 sutrt
667 2176 768 2280 quod
778 2176 843 2252 diu
851 2193 1148 2278 expectaverant,
1163 2192 1202 2251 et
1212 2202 1297 2253 cnm

224 2297 348 2368 multis
369 2294 553 2369 laboribus
568 2294 809 2398 periculisque
825 2296 1088 2396 expetiverant.
1107 2292 1164 2369 lbi
1184 2292 1297 2371 linem

226 2414 360 2488 laboris
387 2415 439 2486 sui
470 2413 603 2487 alacres
631 2412 824 2498 videbant,
850 2415 998 2515 jamque
1024 2413 1223 2488 securiores
1250 2440 1296 2490 ex

224 2528 1296 2630 praesentibus,desuturisbenissibiretributionesalluturas

226 2646 528 2749 imaginabantur.
555 2649 613 2723 Dc
641 2646 831 2723 efferendis
858 2665 979 2723 anmm
1007 2662 1298 2747 procuraverunt

223 2765 472 2854 cadaveribus,
495 2766 668 2867 quoniam
692 2762 828 2841 borror
850 2762 1106 2867 invalescebat,
1127 2780 1165 2839 et
1181 2766 1296 2839 foetor

227 2885 513 2957 immanissimus.
551 2883 585 2957 A
611 2884 761 2985 captivis
790 2878 997 2985 gentilibus
1017 2895 1056 2958 et
1083 2880 1296 2959 Christianis

224 3000 459 3098 pauperibus,
478 3000 563 3074 dato
577 3001 714 3100 pretio,
729 3000 934 3076 occisorum
945 3024 1100 3101 corpora
1111 3024 1179 3101 per
1189 3024 1297 3101 pyras

226 3133 431 3190 coacervata
449 3131 550 3201 sunt3
565 3115 698 3217 quibus
714 3117 921 3207 combustis,
942 3119 1057 3195 nostri
1073 3116 1122 3192 ab
1134 3118 1307 3195 immun·

225 3233 322 3307 ditiis
339 3232 466 3307 urbem
485 3231 806 3335 emundaverunt.-

276 3352 377 3424 xvt.
404 3349 542 3425 Fideles
565 3348 700 3425 Christi
716 3350 851 3424 milites
871 3349 1075 3435 incivitate
1095 3350 1297 3427 Jerusalem

227 3468 341 3539 securi
366 3465 557 3556 sederunt,
585 3462 782 3567 condignas
809 3464 886 3538 Deo
911 3463 1043 3565 gratias
1067 3463 1295 3555 retulerunt,

228 3587 326 3683 cujus
349 3610 418 3684 ope
438 3584 594 3686 gratuita
610 3581 656 3658 de
673 3580 826 3658 ethnicis
845 3578 1036 3657 victoriam
1055 3578 1175 3685 adepti
1197 3598 1296 3657 sunt.

229 3701 429 3801 Dignitates
457 3701 563 3775 etiam
593 3727 673 3775 sues
698 3698 856 3775 ecclesiis
883 3698 1142 3789 restituerunt,
1171 3722 1301 3803 easque

233 3820 390 3918 singulas
411 3819 455 3893 ad
474 3842 566 3918 opus
583 3816 758 3891 orationis
771 3831 998 3917 aptaverunt.
1016 3814 1148 3911 Quinta
1162 3814 1301 3891 decima

234 3935 392 4038 dicjulii,
404 3949 456 4010 vt·
468 3936 570 4026 feria,
583 3934 829 4011 celebritatem
839 3934 1086 4026 instituerunt,
1097 3960 1167 4037 quo
1181 3934 1304 4010 civita·

238 4072 309 4126 tem
326 4069 643 4155 recuperaverunt.
662 4054 716 4128 De
729 4050 980 4129 constituendo
991 4051 1100 4145 etiam
1112 4051 1164 4129 ibi
1178 4076 1303 4155 regem
