3046 5244
229 468 285 525 ns
503 460 685 522 amotus
709 460 1012 523 sccinsusrrcs.
1080 466 1288 543 [ussine]

224 624 297 670 non
321 594 465 667 madico
491 613 649 697 tempore
676 613 894 669 coarctatur.
928 598 1078 670 Positus
1104 613 1227 672 autem
1252 602 1290 671 in

225 713 295 786 tali
304 715 466 800 miseria,
484 712 645 784 dr'vinurn
658 713 840 785 auxiiium
852 741 1042 817 proposse
1054 742 1120 787 suo
1131 733 1167 787 et
1178 721 1290 790 scien·

225 835 291 919 tia,
305 848 378 902 tani
385 834 489 928 graui
502 831 713 902 necessitate
726 848 888 929 cogente,
902 830 1031 904 adesse
1041 831 1113 903 sibi
1121 831 1292 931 pustula·

225 947 300 1019 bat.
322 947 399 1019 Sed
413 952 499 1046 quia
523 949 658 1019 meritis
675 952 769 1035 suis,
792 974 875 1046 qrroe
890 949 1123 1050 pennodica,
1148 949 1230 1037 uei,
1254 967 1293 1021 ut

226 1067 348 1135 verius
366 1062 491 1135 dicam
512 1090 521 1132 .·
539 1062 644 1133 nulla
661 1088 738 1133 csse
755 1061 941 1152 credebat,
961 1063 1030 1136 hoc
1045 1091 1084 1136 se
1099 1068 1295 1166 impetrare

226 1178 435 1276 dr'ffitiebas,
457 1195 623 1250 sanctum
642 1179 900 1268 Benedictunr,
922 1181 1029 1280 cujus
1049 1206 1089 1253 se
1100 1183 1294 1281 praceptis

227 1297 287 1393 (ut
303 1294 442 1369 dictum
461 1299 534 1392 est)
551 1295 781 1369 subditurum
798 1323 870 1369 non
877 1297 970 1397 ficte
985 1299 1192 1386 devoverat,
1212 1324 1296 1371 nec·

228 1440 300 1485 non
319 1430 486 1484 sanctam
506 1413 680 1509 virginem
704 1414 966 1510 Egeldridam,
987 1417 1025 1486 in
1043 1418 1149 1515 cujus
1164 1440 1297 1489 mona-

227 1535 333 1603 sterio
351 1530 418 1604 isac
434 1530 531 1602 idem
547 1528 785 1630 sesncturum
799 1531 1018 1631 pranderat
1024 1589 1036 1620 ,
1053 1534 1164 1606 corde
1176 1533 1297 1629 lacry-

227 1645 374 1734 mabili,
393 1663 428 1718 et
444 1673 532 1719 uoce
548 1673 622 1745 qua
640 1663 804 1747 poterat,
832 1649 1055 1721 incessanter
1074 1647 1295 1721 advocabat.

231 1761 331 1835 ilinc
352 1767 474 1863 itaque
491 1778 660 1835 oneratus
680 1790 728 1835 ac
748 1765 963 1834 constrictus
972 1759 1100 1861 serm,
1121 1759 1299 1862 irincfn'·

227 1906 317 1979 gare
329 1888 528 1967 cruciatus,
548 1880 649 1952 illinc
659 1878 852 1978 fatigatus
869 1881 1029 1979 jejunia,
1055 1879 1298 1955 miserabitur·

234 2007 342 2070 uitam
370 2000 456 2097 (qui
475 2025 543 2099 pn)
569 2015 665 2070 certo
692 1999 783 2068 mari
806 1997 947 2085 maliet,
973 2025 1085 2097 quarn
1106 1995 1301 2096 infeliciterl

230 2118 365 2205 uiuere,
377 2118 493 2215 juata
512 2120 784 2189 estimationem
799 2116 940 2212 meam)
956 2117 1104 2212 integris
1122 2142 1143 2189 v
1160 2116 1300 2189 mensi·

230 2234 296 2306 hus
315 2232 460 2331 lugens,
487 2236 525 2305 in
549 2232 700 2305 tenebris
716 2235 900 2305 sustinuit.
925 2234 976 2304 Et
1000 2232 1130 2305 uidens
1156 2232 1300 2305 nuum

227 2353 373 2452 penitus
388 2350 585 2423 numanum
600 2350 670 2423 sibi
684 2350 816 2423 adesse
829 2350 1017 2422 auxilium
1023 2405 1036 2439 ,
1048 2366 1220 2423 sanctum
1231 2348 1303 2425 Be

230 2469 413 2539 nedictnru
435 2485 470 2540 et
487 2484 655 2539 sanctam
682 2465 929 2565 Egeidridam
956 2469 1137 2540 continuis
1155 2468 1303 2563 gernirs·-

232 2583 320 2668 bus,
357 2586 549 2684 suspiriis,
587 2583 830 2681 singultibus,
869 2583 1092 2682 quandoque
1125 2582 1303 2679 iacrymis

231 2703 339 2772 conte
372 2705 432 2773 vel
462 2726 524 2772 ore
551 2700 771 2772 ruminando
791 2727 990 2801 prouocare
1019 2726 1090 2772 non
1120 2700 1301 2775 cessabat.

235 2815 340 2914 Quid
352 2814 491 2915 plura?
505 2814 622 2887 Nocte
635 2815 799 2915 quadam
812 2843 892 2887 curn
907 2822 1014 2916 signa
1028 2842 1098 2917 per
1112 2814 1238 2888 urbem
1249 2814 1303 2889 ad

231 2953 428 3008 nocturrurs
450 2934 579 3007 laudes
592 2935 838 3034 pulsarentur,
861 2952 894 3007 et
916 2935 979 3007 ille
996 2941 1033 3006 in
1056 2960 1204 3008 carcere
1221 2960 1303 3007 cuns

231 3058 369 3126 cateris
393 3057 572 3151 angustiis
593 3052 641 3124 ab
660 3055 761 3124 amni
781 3053 862 3125 cibo
879 3054 1037 3124 triduum
1054 3054 1303 3127 continuasset

226 3173 395 3272 jejunus,
407 3173 492 3271 jain
507 3196 604 3272 pene
615 3169 801 3268 dejiciens,
816 3189 850 3241 et
862 3198 886 3242 a
899 3174 1057 3270 corporis
1070 3170 1303 3269 reparatione

227 3293 371 3389 penitus
385 3289 597 3390 desperans,
618 3292 768 3360 nomina
784 3305 993 3360 sanctornm
1006 3286 1125 3375 flebili
1139 3312 1234 3360 uoce
1245 3310 1303 3360 ro·

230 3405 387 3503 petebat.
412 3405 488 3475 Sed
517 3406 616 3476 Deus
639 3404 794 3476 clemens
818 3420 853 3474 ct
875 3405 1098 3487 nu'sericars,
1125 3403 1194 3501 qui
1207 3397 1303 3501 sans

232 3529 342 3595 totius
363 3523 532 3596 bonitatis
554 3524 765 3622 indeficiens
783 3540 992 3621 permanet,
1015 3523 1079 3620 (μα’
1096 3519 1243 3593 nulium
1262 3522 1302 3593 in

232 3641 446 3711 necessitate
453 3642 611 3741 positum
626 3641 784 3740 spernit,
802 3642 976 3710 neminem
986 3663 1054 3735 pm
1064 3644 1232 3736 potentia
1244 3632 1303 3709 §ei

232 3757 368 3828 diuitiis
383 3756 498 3853 eligit.
517 3761 608 3829 satis
620 3774 796 3857 optatam,
814 3772 847 3826 et
856 3771 1009 3857 prepter
1019 3754 1194 3827 desiderii
1204 3778 1303 3854 aug-

232 3880 500 3957 mentationem,
513 3891 560 3959 et,
574 3890 614 3946 ut
623 3875 757 3973 ‹rdepta
767 3879 884 3967 inagis
895 3873 1119 3969 diligeretur,
1129 3869 1300 3959 diturum,

233 3993 379 4064 tandem
392 3995 560 4093 pascenti
579 3992 865 4063 inisericaniianr
888 4018 993 4063 suam
1012 3987 1191 4061 erirr'buit.
1215 3984 1303 4059 Ad·

232 4128 314 4181 sunt
325 4119 416 4181 eninr
429 4108 607 4181 clamanti
616 4126 762 4182 sanctus
779 4106 994 4181 Benedictus
1005 4127 1038 4177 ct
1049 4124 1179 4178 sancta
1197 4104 1302 4205 Eget·
