3046 5244
62 429 172 509 [tout]
459 424 578 488 LIBER
599 424 738 487 NONUS.
1074 426 1136 491 495

60 587 140 649 ves,
158 584 271 653 equos
286 573 323 632 et
347 558 464 633 asinos
491 582 636 659 rapere,
653 574 690 632 et
716 556 869 659 siquid,
894 556 993 660 quod
1014 559 1137 635 mandi

59 695 196 780 posset,
219 678 493 752 convenientius
521 676 786 751 inveniebatur.
803 678 947 777 Egressi
974 703 1063 753 vero
1091 678 1137 753 de

61 797 242 881 Castoris,
264 811 377 869 castra
396 796 519 868 metati
534 796 670 868 suntin
688 794 881 895 Pelagonia
896 798 965 894 (1).
984 795 1039 869 lbi
1055 822 1138 870 mu·

62 914 281 987 nitissimum
307 911 492 985 castellum
522 908 799 999 haereticorum,
830 910 937 987 bonis
965 912 1137 987 omnibus

60 1029 205 1105 abunde
218 1032 405 1118 rescrtum,
422 1029 583 1130 undique
601 1030 756 1130 aggressi
774 1046 878 1118 sunt,
898 1047 935 1104 ct
952 1029 1136 1104 habitato·

61 1147 161 1220 ribus
185 1144 342 1244 ejusdem
361 1172 444 1219 cum
467 1170 512 1220 eo
533 1144 748 1234 combustis,
769 1147 922 1220 omnino
938 1146 1135 1246 pessunde-

59 1263 207 1337 derunt.
226 1264 358 1336 Omnes
374 1262 552 1363 siquidem
571 1263 623 1335 iili
640 1263 797 1337 viatores
812 1260 974 1351 Judteos,
995 1262 1139 1337 haereti·

60 1407 138 1468 cos,
169 1380 405 1465 Sarracenos,
441 1379 629 1479 aequaliter
661 1376 844 1450 habebant
872 1402 1016 1465 exosos,
1045 1404 1137 1479 quos

59 1523 185 1571 omnes
210 1498 274 1570 Dci
299 1497 483 1596 appellant
508 1497 685 1570 inimicos.
714 1495 803 1569 lnde
829 1513 1074 1596 pervenerunt
1090 1496 1136 1570 ad

60 1614 194 1688 ilumcn
220 1613 432 1688 Bardarum·
449 1617 524 1713 (2),
548 1613 647 1715 quod
673 1614 904 1687 Buamundua
928 1641 1011 1689 cum
1031 1631 1136 1715 parte

59 1734 112 1803 sui
132 1735 309 1807 cxcrcitns
338 1734 561 1832 pertransiit.
588 1733 718 1839 Comes
743 1748 863 1805 autem
890 1730 936 1805 de
959 1731 1136 1809 Rosinoio

59 1848 330 1921 cumfratribus
348 1850 419 1919 suis
436 1848 621 1920 remansit.
641 1848 812 1921 Protinus
832 1846 1001 1920 satellites
1019 1849 1137 1948 impe-

60 1968 210 2052 ratoris,
234 1967 396 2065 quirius
416 1964 621 2039 obsidentes
646 1962 905 2063 explorabant,
930 1981 971 2038 ut
992 1966 1135 2040 exerci-

59 2100 137 2155 tum
153 2083 309 2155 divisum
334 2082 522 2173 viderunt,
546 2083 684 2181 impetu
709 2082 826 2167 sacto,
847 2083 882 2153 in
902 2084 1072 2157 comitem
1097 2101 1134 2156 et

57 2228 139 2276 suos
159 2204 358 2274 irruerunt.
388 2200 596 2274 Tancredus
621 2226 728 2290 vcro,
756 2201 818 2301 qui
848 2199 1002 2274 necdum
1024 2202 1134 2302 longe

58 2317 201 2405 aberat,
232 2334 272 2390 ut
297 2319 470 2418 cognovit
495 2318 711 2405 tumultum,
743 2315 910 2417 rapidum
936 2317 1134 2392 calcaribus

58 2461 191 2535 urgens
209 2436 464 2535 cornipedem,
482 2435 676 2509 fulmineus
693 2434 857 2524 advolat,
872 2451 909 2507 et
926 2434 1052 2526 ssuvio,
1069 2438 1132 2537 qui

59 2551 246 2642 intererat,
258 2551 421 2640 evadato,
440 2577 501 2624 seu
515 2552 635 2650 potius
650 2565 808 2638 eructato,
821 2550 991 2623 festinum
1008 2551 1132 2624 comiti

57 2670 408 2742 contulitauxilium.
424 2672 508 2743 Mox
520 2668 593 2742 duo
610 2668 724 2740 miliia
739 2668 895 2740 militum
908 2694 975 2767 per
986 2693 1132 2742 amnem

57 2787 285 2860 Tancrcdum
311 2786 487 2861 subsecuti
511 2801 614 2877 sunt,
643 2803 680 2860 et
703 2786 919 2884 Turcopolis
946 2786 1132 2861 confestim

58 2906 346 3002 praevaluerunt,
365 2930 425 2978 cos
438 2904 482 2978 de
499 2905 629 3004 praelio
641 2904 875 3004 fugaverunt,
895 2901 990 2978 etde
1004 2904 1133 3004 iugatis

56 3022 214 3121 gloriose
241 3021 525 3120 triumpharunt.
555 3021 738 3117 Quosdam
763 3046 850 3096 vero
876 3039 1129 3121 peremerunt,

57 3140 177 3238 plures
206 3157 326 3213 autem
352 3140 593 3241 apprehensos
619 3141 831 3230 vinxerunt,
859 3157 896 3214 et
918 3140 1133 3217 Buamundo

58 3275 382 3355 presentaverunt.
411 3259 631 3357 interrogati
655 3284 722 3333 cur
748 3275 820 3330 tam
847 3259 1015 3356 nequiter
1045 3284 1132 3359 age-

57 3393 160 3462 rent,
178 3404 259 3449 cum
278 3403 342 3450 suo
359 3402 434 3450 non
461 3377 707 3449 inimicaretur
728 3376 1131 3474 impe1·atori,resp0n·

57 3534 118 3543 n—-
134 3537 242 3544 -..-..-.
261 3538 387 3545 —-—-

91 3603 131 3672 (ι)
147 3602 222 3655 Liscz
239 3628 242 3654 :
261 3605 427 3674 Pelagonia.
442 3604 516 3659 C'cst
528 3618 583 3655 nnc
596 3604 710 3655 coutre'e
723 3600 759 3655 de
773 3600 798 3656 ie
813 3600 985 3668 Macedoine,
997 3603 1046 3676 qui
1060 3602 1131 3657 amit

55 3696 206 3762 empruntc'·
219 3712 268 3745 son
283 3712 349 3746 nuni
368 3697 382 3746 a
397 3694 423 3747 la
437 3692 500 3747 ville
515 3691 551 3746 dc
567 3690 732 3763 Pelagonia,
749 3690 820 3747 dont
837 3690 863 3745 ia
877 3691 1049 3748 destruction
1067 3690 1132 3747 datc

56 3778 92 3834 dc
107 3779 249 3834 l'irnnaion
268 3781 412 3837 lioruainc.
431 3782 453 3836 lt
469 3800 505 3836 nc
524 3781 613 3854 parsit
629 3798 692 3854 pas,
710 3778 819 3854 d'aprin
836 3780 861 3834 ia
879 3784 1002 3837 mauidrc
1016 3781 1087 3836 dont
1102 3799 1131 3835 ee

55 3870 250 3925 conduisircut
266 3873 334 3926 (lans
349 3893 379 3927 cc
393 3892 458 3946 pays
475 3871 514 3928 ies
531 3871 634 3926 soidats
648 3870 683 3927 de
697 3870 855 3940 Bormond,
873 3891 928 3947 quc
944 3890 987 3927 tes
999 3872 1130 3927 exhorte-

55 3960 131 4013 tious
148 3972 258 4014 curseut
276 3961 325 4015 tait
340 3961 483 4036 iwaucoup
498 3961 691 4034 d'impreetion
709 3959 1134 4034 curteureaprit.-1hmuci

54 4050 164 4119 signific
179 4051 214 4103 ici
228 4052 266 4104 lcs
279 4053 377 4106 (irccs.

89 4144 130 4209 (a)
147 4140 182 4193 bc
202 4141 330 4196 tardari.
350 4146 422 4198 C'cst
445 4144 469 4197 la
494 4144 647 4217 principale
668 4145 768 4199 titii-rc
784 4142 820 4199 de
842 4142 1017 4208 iitcanioinm
1031 4138 1084 4196 cllc
1102 4156 1133 4193 se

54 4232 123 4299 jcttc
136 4231 205 4284 ‹ians
222 4232 246 4284 ic
261 4233 332 4301 gott·
349 4234 383 4287 dc
399 4234 561 4307 Sainniquc.
578 4234 679 4289 iadcux
694 4234 780 4289 iic-urs
790 4234 826 4286 dr
838 4243 910 4285 cette
923 4230 994 4285 viiic.
