<?xml version="1.0" encoding="UTF-8"?>
<!DOCTYPE html PUBLIC "-//W3C//DTD XHTML 1.0 Transitional//EN"
    "http://www.w3.org/TR/xhtml1/DTD/xhtml1-transitional.dtd">
<html xmlns="http://www.w3.org/1999/xhtml" xml:lang="en" lang="en">
 <head>
  <title>
</title>
<meta http-equiv="Content-Type" content="text/html;charset=utf-8" />
  <meta name='ocr-system' content='tesseract 3.04.00' />
  <meta name='ocr-capabilities' content='ocr_page ocr_carea ocr_par ocr_line ocrx_word'/>
</head>
<body>
  <div class='ocr_page' id='page_1' title='image "./ordericivitalis00deligoog/ordericivitalis00deligoog_0514.png"; bbox 0 0 3046 5244; ppageno 0'>
   <div class='ocr_carea' id='block_1_1' title="bbox 94 428 1164 508">
    <p class='ocr_par' dir='ltr' id='par_1_1' title="bbox 94 428 1164 508">
     <span class='ocr_line' id='line_1_1' title="bbox 94 428 1164 508; baseline 0.006 -19"><span class='ocrx_word' id='word_1_1' title='bbox 94 433 203 508; x_wconf 58' lang='lat' dir='ltr'>,raon</span> <span class='ocrx_word' id='word_1_2' title='bbox 487 428 603 489; x_wconf 77' lang='lat' dir='ltr'>tarsu</span> <span class='ocrx_word' id='word_1_3' title='bbox 625 428 762 490; x_wconf 80' lang='lat' dir='ltr'>rosus.</span> <span class='ocrx_word' id='word_1_4' title='bbox 1103 432 1164 495; x_wconf 82' lang='lat' dir='ltr'>tao</span> 
     </span>
    </p>
   </div>
   <div class='ocr_carea' id='block_1_2' title="bbox 92 558 1172 3707">
    <p class='ocr_par' dir='ltr' id='par_1_2' title="bbox 92 558 1172 3707">
     <span class='ocr_line' id='line_1_2' title="bbox 93 558 1167 661; baseline 0.004 -28"><span class='ocrx_word' id='word_1_5' title='bbox 93 590 176 633; x_wconf 89' lang='lat' dir='ltr'>cum</span> <span class='ocrx_word' id='word_1_6' title='bbox 194 561 313 659; x_wconf 82' lang='lat' dir='ltr'>paucis</span> <span class='ocrx_word' id='word_1_7' title='bbox 329 559 373 631; x_wconf 81' lang='lat' dir='ltr'>arl</span> <span class='ocrx_word' id='word_1_8' title='bbox 393 558 595 659; x_wconf 77' lang='lat' dir='ltr'>Augustum</span> <span class='ocrx_word' id='word_1_9' title='bbox 609 560 710 661; x_wconf 88' lang='lat' dir='ltr'>loqui</span> <span class='ocrx_word' id='word_1_10' title='bbox 727 562 909 660; x_wconf 83' lang='lat' dir='ltr'>prolectas</span> <span class='ocrx_word' id='word_1_11' title='bbox 920 580 988 636; x_wconf 86' lang='lat' dir='ltr'>est.</span> <span class='ocrx_word' id='word_1_12' title='bbox 1003 565 1167 637; x_wconf 80' lang='lat' dir='ltr'>&#39;l&#39;ancre-</span> 
     </span>
     <span class='ocr_line' id='line_1_3' title="bbox 93 676 1166 781; baseline 0.004 -32"><span class='ocrx_word' id='word_1_13' title='bbox 93 678 158 749; x_wconf 85' lang='lat' dir='ltr'>‹lus</span> <span class='ocrx_word' id='word_1_14' title='bbox 172 696 291 749; x_wconf 87' lang='lat' dir='ltr'>autem</span> <span class='ocrx_word' id='word_1_15' title='bbox 306 676 540 765; x_wconf 75' lang='lat' dir='ltr'>Christianos,</span> <span class='ocrx_word' id='word_1_16' title='bbox 560 680 597 750; x_wconf 88' lang='lat' dir='ltr'>iu</span> <span class='ocrx_word' id='word_1_17' title='bbox 613 677 842 775; x_wconf 80' lang='lat' dir='ltr'><strong>expeditione</strong></span> <span class='ocrx_word' id='word_1_18' title='bbox 855 698 1082 781; x_wconf 76' lang='lat' dir='ltr'><strong>pauperatos,</strong></span> <span class='ocrx_word' id='word_1_19' title='bbox 1099 708 1166 780; x_wconf 87' lang='lat' dir='ltr'>per</span> 
     </span>
     <span class='ocr_line' id='line_1_4' title="bbox 94 793 1167 897; baseline 0.006 -34"><span class='ocrx_word' id='word_1_20' title='bbox 94 796 201 865; x_wconf 90' lang='lat' dir='ltr'>aliam</span> <span class='ocrx_word' id='word_1_21' title='bbox 222 796 315 865; x_wconf 82' lang='lat' dir='ltr'>riam</span> <span class='ocrx_word' id='word_1_22' title='bbox 336 795 371 865; x_wconf 93' lang='lat' dir='ltr'>in</span> <span class='ocrx_word' id='word_1_23' title='bbox 392 795 522 866; x_wconf 90' lang='lat' dir='ltr'>rallem</span> <span class='ocrx_word' id='word_1_24' title='bbox 540 793 710 879; x_wconf 89' lang='lat' dir='ltr'>uberem,</span> <span class='ocrx_word' id='word_1_25' title='bbox 728 810 764 866; x_wconf 88' lang='lat' dir='ltr'>et</span> <span class='ocrx_word' id='word_1_26' title='bbox 779 797 1011 870; x_wconf 77' lang='lat' dir='ltr'>nutrimentis</span> <span class='ocrx_word' id='word_1_27' title='bbox 1027 822 1167 897; x_wconf 88' lang='lat' dir='ltr'>eorpo-</span> 
     </span>
     <span class='ocr_line' id='line_1_5' title="bbox 95 908 1169 997; baseline 0.006 -16"><span class='ocrx_word' id='word_1_28' title='bbox 95 910 229 981; x_wconf 92' lang='lat' dir='ltr'>ralibus</span> <span class='ocrx_word' id='word_1_29' title='bbox 253 911 439 997; x_wconf 77' lang='lat' dir='ltr'>refertam,</span> <span class='ocrx_word' id='word_1_30' title='bbox 459 908 651 996; x_wconf 85' lang='lat' dir='ltr'>conduxit;</span> <span class='ocrx_word' id='word_1_31' title='bbox 676 908 737 982; x_wconf 96' lang='lat' dir='ltr'>ubi</span> <span class='ocrx_word' id='word_1_32' title='bbox 759 910 890 985; x_wconf 78' lang='lat' dir='ltr'>Pascha</span> <span class='ocrx_word' id='word_1_33' title='bbox 906 912 1053 986; x_wconf 83' lang='lat' dir='ltr'>Domini</span> <span class='ocrx_word' id='word_1_34' title='bbox 1071 913 1169 987; x_wconf 86' lang='lat' dir='ltr'>cele-</span> 
     </span>
     <span class='ocr_line' id='line_1_6' title="bbox 94 1025 1166 1128; baseline 0.005 -30"><span class='ocrx_word' id='word_1_35' title='bbox 94 1027 304 1100; x_wconf 90' lang='lat' dir='ltr'>brarerunt.</span> <span class='ocrx_word' id='word_1_36' title='bbox 322 1025 482 1115; x_wconf 87' lang='lat' dir='ltr'>lllexius,</span> <span class='ocrx_word' id='word_1_37' title='bbox 498 1026 657 1113; x_wconf 86' lang='lat' dir='ltr'>audiens,</span> <span class='ocrx_word' id='word_1_38' title='bbox 668 1053 778 1128; x_wconf 86' lang='lat' dir='ltr'>quem</span> <span class='ocrx_word' id='word_1_39' title='bbox 794 1029 948 1102; x_wconf 90' lang='lat' dir='ltr'>nimium</span> <span class='ocrx_word' id='word_1_40' title='bbox 958 1029 1166 1117; x_wconf 86' lang='lat' dir='ltr'>verebatur,</span> 
     </span>
     <span class='ocr_line' id='line_1_7' title="bbox 93 1144 1170 1248; baseline 0.004 -31"><span class='ocrx_word' id='word_1_41' title='bbox 93 1145 275 1218; x_wconf 81' lang='lat' dir='ltr'>advenisse</span> <span class='ocrx_word' id='word_1_42' title='bbox 291 1144 560 1232; x_wconf 82' lang='lat' dir='ltr'>Buamuurlum,</span> <span class='ocrx_word' id='word_1_43' title='bbox 578 1174 596 1217; x_wconf 91' lang='lat' dir='ltr'>a</span> <span class='ocrx_word' id='word_1_44' title='bbox 618 1172 693 1246; x_wconf 69' lang='lat' dir='ltr'>(luo</span> <span class='ocrx_word' id='word_1_45' title='bbox 710 1145 765 1218; x_wconf 89' lang='lat' dir='ltr'>bis</span> <span class='ocrx_word' id='word_1_46' title='bbox 789 1145 825 1219; x_wconf 92' lang='lat' dir='ltr'>in</span> <span class='ocrx_word' id='word_1_47' title='bbox 846 1175 965 1247; x_wconf 86' lang='lat' dir='ltr'>pugna</span> <span class='ocrx_word' id='word_1_48' title='bbox 982 1165 1170 1248; x_wconf 87' lang='lat' dir='ltr'>superatus</span> 
     </span>
     <span class='ocr_line' id='line_1_8' title="bbox 93 1264 1171 1366; baseline 0.003 -30"><span class='ocrx_word' id='word_1_49' title='bbox 93 1267 225 1350; x_wconf 89' lang='lat' dir='ltr'>luerat,</span> <span class='ocrx_word' id='word_1_50' title='bbox 253 1264 449 1336; x_wconf 85' lang='lat' dir='ltr'>honorilice</span> <span class='ocrx_word' id='word_1_51' title='bbox 475 1264 646 1362; x_wconf 75' lang='lat' dir='ltr'>suscepit,</span> <span class='ocrx_word' id='word_1_52' title='bbox 665 1278 702 1335; x_wconf 87' lang='lat' dir='ltr'>et</span> <span class='ocrx_word' id='word_1_53' title='bbox 718 1281 820 1337; x_wconf 81' lang='lat' dir='ltr'>extra</span> <span class='ocrx_word' id='word_1_54' title='bbox 837 1266 1039 1359; x_wconf 78' lang='lat' dir='ltr'>civitatem,</span> <span class='ocrx_word' id='word_1_55' title='bbox 1060 1282 1171 1366; x_wconf 79' lang='lat' dir='ltr'>prout</span> 
     </span>
     <span class='ocr_line' id='line_1_9' title="bbox 95 1381 947 1482; baseline 0.006 -31"><span class='ocrx_word' id='word_1_56' title='bbox 95 1399 288 1480; x_wconf 89' lang='lat' dir='ltr'>utrumque</span> <span class='ocrx_word' id='word_1_57' title='bbox 303 1381 471 1467; x_wconf 83' lang='lat' dir='ltr'><strong>decebat,</strong></span> <span class='ocrx_word' id='word_1_58' title='bbox 490 1382 634 1481; x_wconf 75' lang='lat' dir='ltr'>copiose</span> <span class='ocrx_word' id='word_1_59' title='bbox 649 1385 860 1481; x_wconf 81' lang='lat' dir='ltr'>procurarit</span> <span class='ocrx_word' id='word_1_60' title='bbox 876 1383 892 1481; x_wconf 93' lang='lat'>(</span> <span class='ocrx_word' id='word_1_61' title='bbox 916 1384 947 1482; x_wconf 90' lang='lat'>).</span> 
     </span>
     <span class='ocr_line' id='line_1_10' title="bbox 143 1482 1169 1581; baseline 0.005 -13"><span class='ocrx_word' id='word_1_62' title='bbox 143 1495 702 1581; x_wconf 84' lang='lat' dir='ltr'>lutereaduxGodeli·edus‚ultra</span> <span class='ocrx_word' id='word_1_63' title='bbox 709 1482 903 1572; x_wconf 81' lang='lat' dir='ltr'>Braehium</span> <span class='ocrx_word' id='word_1_64' title='bbox 911 1498 1169 1581; x_wconf 83' lang='lat' dir='ltr'>relictissoeiis.</span> 
     </span>
     <span class='ocr_line' id='line_1_11' title="bbox 94 1613 1170 1714; baseline 0.005 -30"><span class='ocrx_word' id='word_1_65' title='bbox 94 1613 448 1712; x_wconf 74' lang='lat' dir='ltr'>Constantinopolim</span> <span class='ocrx_word' id='word_1_66' title='bbox 465 1613 639 1701; x_wconf 83' lang='lat' dir='ltr'>redierat,</span> <span class='ocrx_word' id='word_1_67' title='bbox 658 1614 832 1714; x_wconf 89' lang='lat' dir='ltr'>quoniam</span> <span class='ocrx_word' id='word_1_68' title='bbox 845 1615 1057 1712; x_wconf 81' lang='lat' dir='ltr'>imperator,</span> <span class='ocrx_word' id='word_1_69' title='bbox 1076 1631 1119 1689; x_wconf 82' lang='lat' dir='ltr'>ut</span> <span class='ocrx_word' id='word_1_70' title='bbox 1133 1616 1170 1689; x_wconf 82' lang='lat' dir='ltr'>ei</span> 
     </span>
     <span class='ocr_line' id='line_1_12' title="bbox 94 1730 1170 1831; baseline 0.004 -29"><span class='ocrx_word' id='word_1_71' title='bbox 94 1733 292 1830; x_wconf 71' lang='lat' dir='ltr'>pepigerat,</span> <span class='ocrx_word' id='word_1_72' title='bbox 309 1747 507 1812; x_wconf 81' lang='lat' dir='ltr'>mereatum</span> <span class='ocrx_word' id='word_1_73' title='bbox 521 1731 663 1804; x_wconf 91' lang='lat' dir='ltr'>nullum</span> <span class='ocrx_word' id='word_1_74' title='bbox 679 1730 958 1804; x_wconf 83' lang='lat' dir='ltr'>transmittebat.</span> <span class='ocrx_word' id='word_1_75' title='bbox 969 1732 1170 1831; x_wconf 76' lang='lat' dir='ltr'>Episcopus</span> 
     </span>
     <span class='ocr_line' id='line_1_13' title="bbox 95 1848 1172 1949; baseline 0.006 -32"><span class='ocrx_word' id='word_1_76' title='bbox 95 1848 759 1938; x_wconf 78' lang='lat' dir='ltr'>reroPotliensisetTolosauuseomes,</span> <span class='ocrx_word' id='word_1_77' title='bbox 768 1876 828 1922; x_wconf 88' lang='lat' dir='ltr'>sua</span> <span class='ocrx_word' id='word_1_78' title='bbox 841 1850 971 1923; x_wconf 88' lang='lat' dir='ltr'>iterum</span> <span class='ocrx_word' id='word_1_79' title='bbox 982 1866 1110 1949; x_wconf 87' lang='lat' dir='ltr'>postse</span> <span class='ocrx_word' id='word_1_80' title='bbox 1119 1853 1172 1925; x_wconf 82' lang='lat' dir='ltr'>lu-</span> 
     </span>
     <span class='ocr_line' id='line_1_14' title="bbox 96 1965 1172 2067; baseline 0.003 -27"><span class='ocrx_word' id='word_1_81' title='bbox 96 1968 255 2040; x_wconf 89' lang='lat' dir='ltr'>termissa</span> <span class='ocrx_word' id='word_1_82' title='bbox 266 1967 512 2053; x_wconf 85' lang='lat' dir='ltr'>multitudiue,</span> <span class='ocrx_word' id='word_1_83' title='bbox 525 1965 687 2039; x_wconf 82' lang='lat' dir='ltr'>aderant.</span> <span class='ocrx_word' id='word_1_84' title='bbox 699 1968 901 2067; x_wconf 84' lang='lat' dir='ltr'>Imperator</span> <span class='ocrx_word' id='word_1_85' title='bbox 910 1985 1044 2052; x_wconf 84' lang='lat' dir='ltr'>autem,</span> <span class='ocrx_word' id='word_1_86' title='bbox 1055 1972 1172 2043; x_wconf 87' lang='lat' dir='ltr'>consi-</span> 
     </span>
     <span class='ocr_line' id='line_1_15' title="bbox 97 2083 1171 2185; baseline 0.003 -27"><span class='ocrx_word' id='word_1_87' title='bbox 97 2088 145 2159; x_wconf 94' lang='lat' dir='ltr'>lio</span> <span class='ocrx_word' id='word_1_88' title='bbox 157 2089 383 2171; x_wconf 79' lang='lat' dir='ltr'>Groecorum,</span> <span class='ocrx_word' id='word_1_89' title='bbox 406 2087 467 2185; x_wconf 88' lang='lat' dir='ltr'>qui</span> <span class='ocrx_word' id='word_1_90' title='bbox 486 2083 589 2157; x_wconf 82' lang='lat' dir='ltr'>raldo</span> <span class='ocrx_word' id='word_1_91' title='bbox 603 2084 857 2184; x_wconf 83' lang='lat' dir='ltr'>praecarebant</span> <span class='ocrx_word' id='word_1_92' title='bbox 874 2110 921 2159; x_wconf 93' lang='lat' dir='ltr'>ne</span> <span class='ocrx_word' id='word_1_93' title='bbox 932 2087 1027 2160; x_wconf 90' lang='lat' dir='ltr'>lorte</span> <span class='ocrx_word' id='word_1_94' title='bbox 1040 2087 1171 2161; x_wconf 86' lang='lat' dir='ltr'>Frauei</span> 
     </span>
     <span class='ocr_line' id='line_1_16' title="bbox 95 2202 1171 2305; baseline 0 -28"><span class='ocrx_word' id='word_1_95' title='bbox 95 2205 301 2305; x_wconf 83' lang='lat' dir='ltr'>congregati</span> <span class='ocrx_word' id='word_1_96' title='bbox 323 2205 357 2275; x_wconf 93' lang='lat' dir='ltr'>iu</span> <span class='ocrx_word' id='word_1_97' title='bbox 382 2228 442 2275; x_wconf 89' lang='lat' dir='ltr'>eos</span> <span class='ocrx_word' id='word_1_98' title='bbox 462 2204 711 2303; x_wconf 76' lang='lat' dir='ltr'>insurgerent,</span> <span class='ocrx_word' id='word_1_99' title='bbox 730 2202 908 2303; x_wconf 84' lang='lat' dir='ltr'>bonisque</span> <span class='ocrx_word' id='word_1_100' title='bbox 923 2206 996 2277; x_wconf 86' lang='lat' dir='ltr'>suis</span> <span class='ocrx_word' id='word_1_101' title='bbox 1011 2229 1072 2278; x_wconf 90' lang='lat' dir='ltr'>eos</span> <span class='ocrx_word' id='word_1_102' title='bbox 1087 2204 1171 2304; x_wconf 90' lang='lat' dir='ltr'>pri-</span> 
     </span>
     <span class='ocr_line' id='line_1_17' title="bbox 95 2318 1170 2419; baseline 0.005 -29"><span class='ocrx_word' id='word_1_103' title='bbox 95 2337 236 2406; x_wconf 86' lang='lat' dir='ltr'>varent,</span> <span class='ocrx_word' id='word_1_104' title='bbox 253 2322 389 2392; x_wconf 85' lang='lat' dir='ltr'>Heroas</span> <span class='ocrx_word' id='word_1_105' title='bbox 402 2319 562 2418; x_wconf 87' lang='lat' dir='ltr'>singulos</span> <span class='ocrx_word' id='word_1_106' title='bbox 573 2344 639 2419; x_wconf 85' lang='lat' dir='ltr'>per</span> <span class='ocrx_word' id='word_1_107' title='bbox 656 2319 901 2393; x_wconf 81' lang='lat' dir='ltr'>internuntios</span> <span class='ocrx_word' id='word_1_108' title='bbox 913 2318 1092 2395; x_wconf 81' lang='lat' dir='ltr'>allocutus</span> <span class='ocrx_word' id='word_1_109' title='bbox 1102 2337 1170 2409; x_wconf 86' lang='lat' dir='ltr'>est,</span> 
     </span>
     <span class='ocr_line' id='line_1_18' title="bbox 95 2434 1171 2537; baseline 0.003 -29"><span class='ocrx_word' id='word_1_110' title='bbox 95 2436 369 2536; x_wconf 83' lang='lat' dir='ltr'>hominiumque</span> <span class='ocrx_word' id='word_1_111' title='bbox 385 2434 431 2508; x_wconf 89' lang='lat' dir='ltr'>ab</span> <span class='ocrx_word' id='word_1_112' title='bbox 447 2437 497 2508; x_wconf 87' lang='lat' dir='ltr'>eis</span> <span class='ocrx_word' id='word_1_113' title='bbox 512 2452 550 2508; x_wconf 92' lang='lat' dir='ltr'>et</span> <span class='ocrx_word' id='word_1_114' title='bbox 564 2434 775 2509; x_wconf 78' lang='lat' dir='ltr'>litlelitatem</span> <span class='ocrx_word' id='word_1_115' title='bbox 792 2438 925 2537; x_wconf 81' lang='lat' dir='ltr'>exegit.</span> <span class='ocrx_word' id='word_1_116' title='bbox 946 2435 1051 2531; x_wconf 83' lang='lat' dir='ltr'>Quod</span> <span class='ocrx_word' id='word_1_117' title='bbox 1068 2439 1096 2510; x_wconf 93' lang='lat' dir='ltr'>si</span> <span class='ocrx_word' id='word_1_118' title='bbox 1113 2438 1171 2511; x_wconf 83' lang='lat' dir='ltr'>la·</span> 
     </span>
     <span class='ocr_line' id='line_1_19' title="bbox 94 2551 1172 2655; baseline 0.001 -30"><span class='ocrx_word' id='word_1_119' title='bbox 94 2571 237 2640; x_wconf 85' lang='lat' dir='ltr'>cerent,</span> <span class='ocrx_word' id='word_1_120' title='bbox 253 2570 449 2626; x_wconf 90' lang='lat' dir='ltr'>mercatum</span> <span class='ocrx_word' id='word_1_121' title='bbox 464 2569 500 2625; x_wconf 94' lang='lat' dir='ltr'>et</span> <span class='ocrx_word' id='word_1_122' title='bbox 512 2551 746 2640; x_wconf 85' lang='lat' dir='ltr'>conductum,</span> <span class='ocrx_word' id='word_1_123' title='bbox 762 2579 871 2655; x_wconf 85' lang='lat' dir='ltr'>seque</span> <span class='ocrx_word' id='word_1_124' title='bbox 885 2554 1001 2652; x_wconf 89' lang='lat' dir='ltr'>ipsum</span> <span class='ocrx_word' id='word_1_125' title='bbox 1015 2571 1098 2653; x_wconf 88' lang='lat' dir='ltr'>post</span> <span class='ocrx_word' id='word_1_126' title='bbox 1108 2580 1172 2629; x_wconf 84' lang='lat' dir='ltr'>eos</span> 
     </span>
     <span class='ocr_line' id='line_1_20' title="bbox 96 2670 1171 2771; baseline 0.004 -29"><span class='ocrx_word' id='word_1_127' title='bbox 96 2674 251 2758; x_wconf 87' lang='lat' dir='ltr'>iturum,</span> <span class='ocrx_word' id='word_1_128' title='bbox 271 2673 392 2771; x_wconf 85' lang='lat' dir='ltr'>eisque</span> <span class='ocrx_word' id='word_1_129' title='bbox 409 2698 491 2744; x_wconf 91' lang='lat' dir='ltr'>cum</span> <span class='ocrx_word' id='word_1_130' title='bbox 503 2670 674 2746; x_wconf 86' lang='lat' dir='ltr'>omnibus</span> <span class='ocrx_word' id='word_1_131' title='bbox 689 2672 803 2771; x_wconf 90' lang='lat' dir='ltr'>copiis</span> <span class='ocrx_word' id='word_1_132' title='bbox 817 2671 890 2744; x_wconf 88' lang='lat' dir='ltr'>suis</span> <span class='ocrx_word' id='word_1_133' title='bbox 905 2670 1171 2746; x_wconf 83' lang='lat' dir='ltr'>subventurum</span> 
     </span>
     <span class='ocr_line' id='line_1_21' title="bbox 94 2787 1167 2888; baseline 0.003 -29"><span class='ocrx_word' id='word_1_134' title='bbox 94 2790 272 2886; x_wconf 87' lang='lat' dir='ltr'>promisit.</span> <span class='ocrx_word' id='word_1_135' title='bbox 294 2788 605 2888; x_wconf 85' lang='lat' dir='ltr'>llngustiabautur</span> <span class='ocrx_word' id='word_1_136' title='bbox 620 2788 771 2873; x_wconf 87' lang='lat' dir='ltr'>Franci,</span> <span class='ocrx_word' id='word_1_137' title='bbox 787 2804 824 2860; x_wconf 89' lang='lat' dir='ltr'>et</span> <span class='ocrx_word' id='word_1_138' title='bbox 834 2790 958 2888; x_wconf 81' lang='lat' dir='ltr'>jurate</span> <span class='ocrx_word' id='word_1_139' title='bbox 973 2787 1167 2876; x_wconf 86' lang='lat' dir='ltr'>uolebant,</span> 
     </span>
     <span class='ocr_line' id='line_1_22' title="bbox 93 2906 1168 3007; baseline 0.004 -30"><span class='ocrx_word' id='word_1_140' title='bbox 93 2934 159 2979; x_wconf 86' lang='lat' dir='ltr'>uec</span> <span class='ocrx_word' id='word_1_141' title='bbox 183 2908 285 2978; x_wconf 88' lang='lat' dir='ltr'>aliter</span> <span class='ocrx_word' id='word_1_142' title='bbox 303 2908 353 2978; x_wconf 85' lang='lat' dir='ltr'>eis</span> <span class='ocrx_word' id='word_1_143' title='bbox 371 2908 504 3007; x_wconf 78' lang='lat' dir='ltr'>Pelasgi</span> <span class='ocrx_word' id='word_1_144' title='bbox 527 2908 718 2980; x_wconf 87' lang='lat' dir='ltr'>transitum</span> <span class='ocrx_word' id='word_1_145' title='bbox 736 2906 1010 3006; x_wconf 83' lang='lat' dir='ltr'>permittebant.</span> <span class='ocrx_word' id='word_1_146' title='bbox 1040 2906 1168 2981; x_wconf 86' lang='lat' dir='ltr'>Franci</span> 
     </span>
     <span class='ocr_line' id='line_1_23' title="bbox 93 3023 1168 3124; baseline 0.003 -29"><span class='ocrx_word' id='word_1_147' title='bbox 93 3042 219 3096; x_wconf 81' lang='lat' dir='ltr'>eontra</span> <span class='ocrx_word' id='word_1_148' title='bbox 248 3024 469 3097; x_wconf 86' lang='lat' dir='ltr'>Christianos</span> <span class='ocrx_word' id='word_1_149' title='bbox 488 3051 650 3124; x_wconf 89' lang='lat' dir='ltr'>pugnare</span> <span class='ocrx_word' id='word_1_150' title='bbox 676 3023 867 3110; x_wconf 89' lang='lat' dir='ltr'>nolebant,</span> <span class='ocrx_word' id='word_1_151' title='bbox 895 3027 1084 3099; x_wconf 86' lang='lat' dir='ltr'>transitum</span> <span class='ocrx_word' id='word_1_152' title='bbox 1105 3025 1168 3098; x_wconf 90' lang='lat' dir='ltr'>ha-</span> 
     </span>
     <span class='ocr_line' id='line_1_24' title="bbox 93 3141 1170 3244; baseline 0.004 -31"><span class='ocrx_word' id='word_1_153' title='bbox 93 3141 178 3214; x_wconf 84' lang='lat' dir='ltr'>bere</span> <span class='ocrx_word' id='word_1_154' title='bbox 198 3144 333 3240; x_wconf 88' lang='lat' dir='ltr'>pacilici</span> <span class='ocrx_word' id='word_1_155' title='bbox 351 3169 424 3214; x_wconf 92' lang='lat' dir='ltr'>uon</span> <span class='ocrx_word' id='word_1_156' title='bbox 444 3160 627 3239; x_wconf 85' lang='lat' dir='ltr'>poteraut.</span> <span class='ocrx_word' id='word_1_157' title='bbox 648 3145 863 3240; x_wconf 79' lang='lat' dir='ltr'>imperfecto</span> <span class='ocrx_word' id='word_1_158' title='bbox 879 3144 923 3216; x_wconf 89' lang='lat' dir='ltr'>ad</span> <span class='ocrx_word' id='word_1_159' title='bbox 936 3145 1032 3244; x_wconf 85' lang='lat' dir='ltr'>quod</span> <span class='ocrx_word' id='word_1_160' title='bbox 1053 3146 1170 3217; x_wconf 88' lang='lat' dir='ltr'>ierant</span> 
     </span>
     <span class='ocr_line' id='line_1_25' title="bbox 93 3258 1168 3358; baseline 0.004 -28"><span class='ocrx_word' id='word_1_161' title='bbox 93 3261 260 3358; x_wconf 90' lang='lat' dir='ltr'>negotio,</span> <span class='ocrx_word' id='word_1_162' title='bbox 278 3260 321 3332; x_wconf 79' lang='lat' dir='ltr'>ari</span> <span class='ocrx_word' id='word_1_163' title='bbox 341 3261 487 3358; x_wconf 90' lang='lat' dir='ltr'>propria</span> <span class='ocrx_word' id='word_1_164' title='bbox 507 3258 649 3356; x_wconf 84' lang='lat' dir='ltr'>regredi</span> <span class='ocrx_word' id='word_1_165' title='bbox 668 3259 986 3333; x_wconf 88' lang='lat' dir='ltr'>abominabantur.</span> <span class='ocrx_word' id='word_1_166' title='bbox 1006 3260 1168 3333; x_wconf 81' lang='lat' dir='ltr'>Tandem</span> 
     </span>
     <span class='ocr_line' id='line_1_26' title="bbox 92 3374 1167 3476; baseline 0.002 -29"><span class='ocrx_word' id='word_1_167' title='bbox 92 3379 216 3449; x_wconf 86' lang='lat' dir='ltr'>multis</span> <span class='ocrx_word' id='word_1_168' title='bbox 234 3379 345 3450; x_wconf 88' lang='lat' dir='ltr'>coacti</span> <span class='ocrx_word' id='word_1_169' title='bbox 365 3374 649 3460; x_wconf 83' lang='lat' dir='ltr'>necessitatibus,</span> <span class='ocrx_word' id='word_1_170' title='bbox 665 3392 882 3474; x_wconf 74' lang='lat' dir='ltr'>juraverunt</span> <span class='ocrx_word' id='word_1_171' title='bbox 900 3375 1030 3449; x_wconf 81' lang='lat' dir='ltr'>Alexio</span> <span class='ocrx_word' id='word_1_172' title='bbox 1047 3376 1167 3476; x_wconf 89' lang='lat' dir='ltr'>impe-</span> 
     </span>
     <span class='ocr_line' id='line_1_27' title="bbox 94 3489 1163 3591; baseline 0.004 -30"><span class='ocrx_word' id='word_1_173' title='bbox 94 3496 204 3565; x_wconf 90' lang='lat' dir='ltr'>ratori</span> <span class='ocrx_word' id='word_1_174' title='bbox 223 3495 333 3564; x_wconf 87' lang='lat' dir='ltr'>vitam</span> <span class='ocrx_word' id='word_1_175' title='bbox 346 3508 381 3563; x_wconf 89' lang='lat' dir='ltr'>et</span> <span class='ocrx_word' id='word_1_176' title='bbox 398 3490 596 3577; x_wconf 87' lang='lat' dir='ltr'>honorem,</span> <span class='ocrx_word' id='word_1_177' title='bbox 616 3489 714 3591; x_wconf 87' lang='lat' dir='ltr'>quod</span> <span class='ocrx_word' id='word_1_178' title='bbox 732 3506 901 3564; x_wconf 90' lang='lat' dir='ltr'>neutrum</span> <span class='ocrx_word' id='word_1_179' title='bbox 918 3490 951 3563; x_wconf 89' lang='lat' dir='ltr'>ei</span> <span class='ocrx_word' id='word_1_180' title='bbox 966 3492 1163 3580; x_wconf 82' lang='lat' dir='ltr'>auferrent,</span> 
     </span>
     <span class='ocr_line' id='line_1_28' title="bbox 92 3604 1167 3707; baseline 0.004 -30"><span class='ocrx_word' id='word_1_181' title='bbox 92 3607 210 3705; x_wconf 82' lang='lat' dir='ltr'>quoad</span> <span class='ocrx_word' id='word_1_182' title='bbox 229 3609 302 3705; x_wconf 88' lang='lat' dir='ltr'>ipse</span> <span class='ocrx_word' id='word_1_183' title='bbox 318 3606 413 3707; x_wconf 81' lang='lat' dir='ltr'>quorl</span> <span class='ocrx_word' id='word_1_184' title='bbox 423 3605 586 3706; x_wconf 86' lang='lat' dir='ltr'>jurabat,</span> <span class='ocrx_word' id='word_1_185' title='bbox 604 3606 698 3680; x_wconf 89' lang='lat' dir='ltr'>bona</span> <span class='ocrx_word' id='word_1_186' title='bbox 714 3604 782 3679; x_wconf 85' lang='lat' dir='ltr'>lide</span> <span class='ocrx_word' id='word_1_187' title='bbox 797 3622 950 3680; x_wconf 91' lang='lat' dir='ltr'>teneret.</span> <span class='ocrx_word' id='word_1_188' title='bbox 968 3608 1167 3681; x_wconf 89' lang='lat' dir='ltr'>Tolosauus</span> 
     </span>
    </p>
   </div>
   <div class='ocr_carea' id='block_1_3' title="bbox 95 3921 1166 4178">
    <p class='ocr_par' dir='ltr' id='par_1_3' title="bbox 95 3921 1166 4178">
     <span class='ocr_line' id='line_1_29' title="bbox 136 3921 1165 3995; baseline 0.004 -20"><span class='ocrx_word' id='word_1_189' title='bbox 136 3930 171 3984; x_wconf 59' lang='lat' dir='ltr'>a}</span> <span class='ocrx_word' id='word_1_190' title='bbox 188 3924 301 3977; x_wconf 69' lang='lat' dir='ltr'>sau-aa</span> <span class='ocrx_word' id='word_1_191' title='bbox 322 3925 416 3977; x_wconf 79' lang='lat' dir='ltr'>l‘ierrr</span> <span class='ocrx_word' id='word_1_192' title='bbox 432 3922 600 3987; x_wconf 79' lang='lat' dir='ltr'>&#39;l&#39;urlebodr,</span> <span class='ocrx_word' id='word_1_193' title='bbox 621 3923 789 3995; x_wconf 78' lang='lat' dir='ltr'>l&#39;empereur</span> <span class='ocrx_word' id='word_1_194' title='bbox 806 3921 951 3977; x_wconf 71' lang='lat' dir='ltr'>aecordaa</span> <span class='ocrx_word' id='word_1_195' title='bbox 968 3922 1111 3977; x_wconf 75' lang='lat' dir='ltr'>lloe&#39;monrl</span> <span class='ocrx_word' id='word_1_196' title='bbox 1127 3943 1165 3979; x_wconf 79' lang='lat' dir='ltr'>urs</span> 
     </span>
     <span class='ocr_line' id='line_1_30' title="bbox 95 4013 1166 4088; baseline 0.004 -23"><span class='ocrx_word' id='word_1_197' title='bbox 95 4016 214 4074; x_wconf 79' lang='lat' dir='ltr'>terrain,</span> <span class='ocrx_word' id='word_1_198' title='bbox 230 4033 264 4066; x_wconf 79' lang='lat' dir='ltr'>on</span> <span class='ocrx_word' id='word_1_199' title='bbox 287 4014 436 4073; x_wconf 79' lang='lat' dir='ltr'>llomauir,</span> <span class='ocrx_word' id='word_1_200' title='bbox 451 4014 486 4067; x_wconf 71' lang='lat' dir='ltr'>alr</span> <span class='ocrx_word' id='word_1_201' title='bbox 506 4017 608 4088; x_wconf 79' lang='lat' dir='ltr'>quisue</span> <span class='ocrx_word' id='word_1_202' title='bbox 621 4016 759 4086; x_wconf 79' lang='lat' dir='ltr'>jonrnaux</span> <span class='ocrx_word' id='word_1_203' title='bbox 779 4013 814 4068; x_wconf 88' lang='lat' dir='ltr'>de</span> <span class='ocrx_word' id='word_1_204' title='bbox 834 4014 971 4087; x_wconf 83' lang='lat' dir='ltr'>longueur</span> <span class='ocrx_word' id='word_1_205' title='bbox 987 4032 1036 4067; x_wconf 88' lang='lat' dir='ltr'>sur</span> <span class='ocrx_word' id='word_1_206' title='bbox 1053 4014 1116 4070; x_wconf 80' lang='lat' dir='ltr'>lauit</span> <span class='ocrx_word' id='word_1_207' title='bbox 1130 4016 1166 4069; x_wconf 79' lang='lat' dir='ltr'>(le</span> 
     </span>
     <span class='ocr_line' id='line_1_31' title="bbox 95 4106 809 4178; baseline 0 -22"><span class='ocrx_word' id='word_1_208' title='bbox 95 4106 214 4175; x_wconf 75' lang='lat' dir='ltr'>largeur.</span> <span class='ocrx_word' id='word_1_209' title='bbox 235 4106 442 4175; x_wconf 75' lang='lat' dir='ltr'>prnlralrlrmrnt</span> <span class='ocrx_word' id='word_1_210' title='bbox 458 4126 529 4178; x_wconf 79' lang='lat' dir='ltr'>pom</span> <span class='ocrx_word' id='word_1_211' title='bbox 542 4109 644 4161; x_wconf 67' lang='lat' dir='ltr'>asseruit·</span> <span class='ocrx_word' id='word_1_212' title='bbox 657 4124 706 4158; x_wconf 88' lang='lat' dir='ltr'>suu</span> <span class='ocrx_word' id='word_1_213' title='bbox 720 4123 809 4177; x_wconf 84' lang='lat' dir='ltr'>camp.</span> 
     </span>
    </p>
   </div>
   <div class='ocr_carea' id='block_1_4' title="bbox 0 0 1532 5244">
    <p class='ocr_par' dir='ltr' id='par_1_4' title="bbox 0 0 1532 5244">
     <span class='ocr_line' id='line_1_32' title="bbox 0 0 1532 5244; baseline 0 0"><span class='ocrx_word' id='word_1_214' title='bbox 0 0 1532 5244; x_wconf 95' lang='lat' dir='ltr'> </span> 
     </span>
    </p>
   </div>
  </div>
 </body>
</html>
