3046 5244
108 488 213 564 [roas]
469 462 808 545 traaasarrmas.
1109 483 1170 545 aas

105 616 231 688 multe
245 638 352 686 naves
362 629 496 712 paratae
508 614 544 687 in
556 615 678 688 littore
687 629 836 703 starent,
853 613 1052 716 idoneoque
1061 629 1173 689 rento

96 734 177 832 jam
205 731 334 819 llante,
366 732 400 804 in
430 731 599 831 Angliam
626 749 742 805 nautae
768 757 834 831 per
863 758 969 807 naves
994 747 1173 806 armatum

100 851 307 922 exercitum
322 848 559 940 collocarent,
578 875 641 922 rex
653 847 840 923 Chunutus
853 850 945 924 velle
963 851 1026 923 Dei
1045 849 1174 949 explo-

99 985 267 1052 raturus,
283 965 466 1040 ecelesiam
481 967 650 1059 intravit,
668 984 751 1040 ante
764 966 875 1043 altare
890 966 1075 1041 humiliter
1088 992 1174 1065 pro-

97 1084 248 1172 cubuit,
263 1084 448 1184 Deumque
458 1100 499 1157 ut
510 1085 579 1158 iter
591 1113 695 1159 suum
706 1084 899 1160 secundum
912 1085 1174 1186 beneplacitam

95 1203 334 1276 voluntatem
369 1229 469 1275 suam
502 1202 692 1299 dirigeret,
724 1229 806 1277 eum
839 1203 1007 1304 lacrymis
1042 1204 1174 1276 oravit.

94 1318 246 1392 Deinde
263 1321 374 1390 irater
397 1321 470 1419 ejus
495 1321 670 1419 templum
701 1319 877 1419 ingressus
902 1335 974 1403 est,
1001 1321 1063 1419 qui
1089 1317 1176 1390 dum

94 1461 232 1535 regem
242 1436 357 1508 solum
370 1453 452 1508 ante
464 1463 563 1508 aram
575 1451 794 1535 prostratum
807 1435 1004 1535 prospexit,
1020 1434 1178 1532 cogitare

92 1552 224 1649 coepit
241 1576 348 1649 quam
364 1577 516 1651 magnus
533 1549 653 1641 labor,
673 1567 710 1624 et
725 1577 834 1651 quam
852 1574 961 1651 grave
976 1547 1177 1649 perieulum

95 1685 161 1741 tot
174 1660 337 1740 millibus
352 1648 540 1767 perunum
554 1667 737 1742 hominem
752 1668 973 1753 immineret,
990 1667 1067 1739 etsi
1084 1663 1177 1737 idem

94 1789 326 1872 auferretur,
342 1787 410 1858 cita
424 1785 685 1887 vehemensque
695 1787 847 1860 mutatio
860 1784 974 1858 lieret.
991 1782 1065 1858 Nec
1076 1807 1178 1856 mora

97 1899 270 2002 gladium
299 1900 491 1987 abstraxit,
522 1918 559 1975 et
587 1903 725 1977 orantis
744 1884 845 2002 ‘regis
873 1916 979 1999 caput
1007 1897 1177 1986 abscidit,

98 2021 303 2118 statimque
322 2019 356 2090 in
376 2020 523 2092 exilium
540 2019 686 2121 analogit.
710 2020 826 2093 Porro
848 2035 919 2091 tam
928 2017 1031 2090 tristi
1048 2015 1179 2091 nuntio

101 2163 195 2213 mox
223 2138 401 2210 exercitus
423 2137 601 2236 dispersus
627 2154 699 2227 est,
726 2153 762 2211 et
785 2135 829 2210 ad
852 2137 1042 2236 proprium
1068 2161 1180 2208 unus-

103 2257 264 2354 quisque
280 2255 463 2352 negotium
486 2279 648 2328 reversus
667 2264 733 2328 est.
753 2254 916 2354 Denique
934 2254 1091 2326 seniores
1108 2278 1179 2351 po-

106 2369 186 2469 puli
212 2369 472 2458 calomanoth,
490 2372 638 2444 fratrem
660 2372 772 2472 regis,
794 2368 970 2470 parricida
992 2368 1178 2457 exulante,

110 2511 235 2584 regem
254 2488 532 2562 constituerunt.
553 2488 692 2588 Corpus
713 2514 800 2563 vero
821 2487 979 2560 Chunuti
998 2487 1091 2588 regis
1112 2485 1181 2561 ho-

113 2603 264 2676 norifice
294 2605 331 2676 in
363 2603 504 2677 basilica
530 2597 766 2704 sepelierunt,
801 2602 845 2677 ad
876 2604 974 2702 cujus
1004 2603 1182 2675 tumulum

115 2721 226 2793 multa
244 2721 415 2794 miracula
431 2718 604 2824 divinitus
616 2725 705 2795 sacta
719 2739 815 2795 sant.
832 2721 884 2794 lbi
904 2720 1039 2822 grande
1055 2746 1182 2794 coeno·

117 2834 214 2910 bium
242 2837 502 2912 monachorum
530 2857 777 2913 constructum
805 2855 876 2925 est,
907 2856 942 2911 et
968 2839 1184 2912 monasticus

119 2953 220 3040 ordo,
239 2957 331 3027 sicut
345 2957 380 3028 in
398 2957 526 3055 Anglia
537 2955 630 3054 apud
644 2956 921 3030 Eoreshamium
937 2958 992 3054 (r)
1006 2972 1180 3042 servatur,

121 3174 185 3232 dont
199 3178 226 3233 le
239 3179 322 3232 mode
336 3189 365 3233 et
377 3178 402 3232 la
417 3180 584 3236 destination
600 3182 770 3254 rappelaient
783 3183 823 3238 les
836 3182 941 3248 dianes,
958 3185 980 3237 si
994 3183 1120 3237 odientes
1132 3199 1185 3236 aux

121 3268 232 3340 peuptes
241 3267 439 3324 Scandinaves.
459 3270 513 3325 Des
534 3289 692 3325 murmures
705 3289 741 3326 on
754 3291 789 3326 en
803 3273 862 3327 vint
875 3276 891 3327 l
905 3292 960 3327 nne
973 3273 1121 3327 resineam
1132 3288 1185 3326 ou·

121 3367 211 3422 terte,
222 3356 357 3430 quelques
369 3357 531 3412 collecteurs
541 3358 636 3413 lurent
647 3363 804 3424 massacres,
813 3369 842 3414 et
854 3359 880 3413 le
893 3361 945 3426 roi,
955 3362 1092 3415 aisement
1103 3376 1187 3432 pour·

121 3447 189 3500 snivi
203 3447 364 3515 lui-meme,
380 3449 423 3503 lut
435 3449 528 3521 oblige
542 3449 577 3503 de
590 3467 618 3503 se
630 3450 755 3522 refugiet
769 3449 884 3504 d'sbord
897 3468 932 3505 en
949 3451 1059 3516 Fionie,
1077 3451 1186 3522 palaea

120 3535 229 3590 seland.
244 3538 285 3592 Ce
301 3537 346 3592 lut
367 3538 392 3592 u
410 3539 497 3614 qu'un
514 3540 624 3605 trallae,
643 3544 755 3596 nomme
775 3540 874 3607 Black,
893 3541 932 3595 lui
952 3540 1085 3614 persuade
1105 3539 1141 3594 de
1158 3556 1187 3594 te

121 3627 221 3682 rendre
243 3630 259 3682 l
279 3627 412 3684 Odeaaee
436 3628 504 3684 dans
532 3630 642 3701 l'espoir
663 3648 717 3703 que
743 3649 771 3684 sa
797 3633 928 3703 presence
948 3650 965 3704 y
993 3629 1140 3702 apsiserait
1162 3627 1187 3683 le

120 3718 240 3790 peuple3
255 3719 324 3772 mais
335 3723 349 3772 ὲ
360 3721 442 3792 peine
452 3719 477 3774 le
490 3721 533 3774 roi
547 3719 650 3774 emit-il
662 3723 741 3775 entre'
752 3719 821 3775 dans
834 3720 937 3794 l’e'glise
947 3719 981 3775 de
992 3718 1185 3785 Salat-Alban,

119 3811 307 3880 scoompagmi
319 3808 405 3864 deses
415 3809 488 3864 deux
501 3811 602 3876 freres,
618 3811 714 3865 Benolt
723 3821 751 3865 et
760 3800 896 3886 Eric,que
910 3810 989 3866 lllacl
1000 3830 1018 3883 y
1028 3807 1189 3866 introduitit

120 3896 159 3952 les
173 3899 315 3968 conjures.
327 3899 419 3954 Canut
433 3901 475 3954 sut
490 3904 538 3956 tue
551 3903 630 3973 apres
646 3919 701 3955 une
717 3912 814 3956 courte
833 3903 981 3956 resistente
997 3902 1046 3975 qui
1066 3899 1147 3955 coltta
1164 3898 1189 3951 lt

120 3989 163 4043 vie
176 3993 192 4042 t
205 3990 304 4043 Benolt
323 4001 352 4044 et
365 3995 380 4045 'a
392 3991 526 4067 quelques
545 3991 661 4047 officiens
674 3991 711 4046 de
725 4010 753 4046 sa
766 3994 848 4048 snite.
871 3991 941 4049 Olol
947 4034 955 4057 ,
974 3991 1042 4066 qu’il
1056 3991 1127 4043 avait
1145 3987 1191 4042 in·

120 4079 190 4133 resti
205 4079 430 4150 preoedemment
443 4082 481 4136 du
493 4082 585 4137 ‹luche
596 4082 631 4137 de
641 4082 758 4157 Sleswig
767 4094 796 4139 et
805 4085 854 4159 qui
867 4101 896 4138 ae
909 4082 1031 4138 trouvait
1042 4097 1143 4134 encore
1154 4095 1189 4132 ea

121 4168 262 4233 nauare,
275 4168 313 4225 lui
328 4172 443 4228 succe'da
454 4185 482 4229 et
496 4178 579 4247 regna
589 4174 718 4248 jusqu’ea
734 4176 810 4248 1095.

157 4261 167 4321 i
174 4266 198 4324 ¹)
219 4257 351 4331 L‘abbaye
370 4251 545 4330 deventum,
563 4265 632 4321 (lans
645 4264 670 4318 le
683 4267 774 4319 comte
788 4263 824 4316 tle
838 4264 1008 4326 ll'orcester,
1027 4259 1096 4313 ‹lont
1112 4259 1188 4314 leun
