3046 5244
80 459 183 537 [roes]
440 453 557 513 LIBER
577 451 778 516 sutrinus.
1085 460 1142 519 tn

79 591 234 659 nitatum
257 584 405 673 ducem,
425 601 458 655 et
486 593 699 657 Wazsonem
725 585 1010 686 Neapolitanum
1036 591 1146 659 comi·

80 721 146 774 tem
164 703 238 798 (t),
261 700 427 798 aliosque
438 702 620 800 principes
620 699 847 799 santissimos
856 757 868 789 ,
882 728 937 773 me
951 702 1064 792 duce,
1080 731 1150 804 per

79 820 147 890 Dei
170 819 347 917 juvamen
373 819 583 914 superastis.
612 818 654 890 Ν
656 844 725 889 unc
751 821 865 916 r'gitur
892 845 937 889 ne
964 819 1147 892 vilescatis

79 937 211 1006 amisso
222 939 388 1033 pristina
406 939 715 1031 magnanimitatis
734 939 936 1007 conamine.
960 938 997 1008 E
998 937 1148 1009 lectione

79 1053 263 1123 communi
279 1078 392 1123 uuum
409 1079 457 1121 ese
470 1051 573 1123 uobis
580 1109 592 1141 ,
611 1070 649 1123 ut
659 1053 745 1124 diri
753 1112 764 1142 ,
780 1053 906 1126 duceni
921 1058 1145 1144 constituite,

81 1166 270 1266 uberesque
281 1170 486 1265 provincias
494 1225 506 1257 ,
525 1195 618 1266 qeins
628 1172 713 1268 jam
724 1179 826 1243 nacti
838 1175 944 1260 estis,
961 1175 1150 1269 insigniter

80 1283 184 1356 uobis
200 1287 345 1355 retinete
364 1285 433 1380 (a).

127 1399 256 1471 Nullus
267 1425 393 1472 eorum
403 1454 413 1487 ,
428 1401 489 1499 qui
506 1399 612 1471 rebus
629 1402 701 1474 istis
723 1403 937 1487 interfuere,
962 1428 1066 1475 ausus
1081 1405 1148 1475 suit

80 1516 246 1590 ducatum
269 1516 507 1617 hujuscemodi
536 1521 729 1618 suscipere,
757 1519 816 1594 sed
840 1547 965 1594 omnes
986 1521 1030 1594 de
1053 1522 1147 1622 iuga

82 1633 246 1733 praesidio
260 1638 466 1708 maluerunt
478 1637 648 1735 cogitare.
665 1637 801 1711 Deinde
817 1665 914 1711 anno
926 1637 971 1710 ab
987 1640 1148 1711 incarna-

84 1753 178 1824 tione
192 1753 336 1824 Domini
352 1765 394 1824 u⁰
406 1768 514 1825 Lxxx⁰
526 1770 562 1823 νο
576 1753 753 1826 Robertus
767 1753 987 1841 Wiscardus,
1005 1753 1146 1852 Apulia

82 1867 150 1941 dux
170 1869 338 1967 insignis,
355 1871 556 1969 nostrisque
571 1871 793 1968 temporibus
810 1898 901 1968 pene
917 1873 1146 1969 incompara-

85 1985 185 2072 bitis,
202 1986 290 2058 iacta
305 1988 523 2059 consessione
539 2015 556 2058 a
573 1989 724 2085 peccatis
741 1987 951 2077 mundatus,
970 2005 1005 2060 et
1018 1989 1145 2060 saluta·

85 2105 130 2175 ris
144 2103 379 2176 Eucharistiae
394 2106 624 2202 perceptione
635 2107 813 2191 munitus,
830 2130 901 2177 non
920 2106 1068 2177 militari
1084 2130 1148 2176 ro-

85 2219 170 2294 bore
195 2237 413 2318 prostratus,
437 2220 496 2293 sed
522 2222 635 2294 livore
659 2221 813 2294 femineo
839 2237 1051 2319 corruptus,
1075 2245 1153 2320 qno

84 2339 220 2436 primus
236 2337 350 2410 Adam
364 2355 416 2411 est
428 2338 472 2411 de
484 2339 637 2411 Paradisi
659 2338 739 2411 sede
764 2342 962 2438 projectus,
991 2364 1065 2411 non
1089 2365 1147 2410 ar·
1172 2356 1179 2369 ·

83 2458 170 2543 mis,
188 2455 248 2528 sed
260 2481 400 2530 veneno
418 2458 538 2543 ioesus,
553 2456 764 2530 adveniente
775 2458 902 2531 mortis
912 2456 998 2530 hora
1012 2453 1149 2529 mundo

82 2590 133 2645 est
162 2574 336 2645 sublatus.
364 2575 444 2668 Quo
472 2575 660 2664 defuncto,
689 2575 891 2649 Narmanni
918 2600 1047 2672 corpus
1075 2575 1149 2673 ejus

82 2692 274 2780 salierunt,
300 2708 439 2764 etcum
457 2718 542 2790 pace
569 2692 723 2765 reditum
745 2694 780 2764 in
805 2692 959 2790 patriam
982 2687 1149 2761 suamab

83 2809 301 2907 imperatore
312 2811 506 2906 petierunt.
523 2811 724 2907 Imperator
737 2834 837 2897 vero,
854 2809 937 2882 licet
949 2809 1146 2896 letaretur,

116 3048 128 3109 (
134 3051 157 3112 ι)
173 3044 251 3099 Nous
267 3063 302 3098 ne
316 3063 411 3099 sarone
424 3064 473 3117 pas
486 3045 569 3100 d’une
583 3047 706 3100 maniire
720 3047 825 3118 precise
843 3045 877 3099 de
892 3047 940 3119 qui
959 3056 1038 3098 notre
1051 3054 1150 3099 auteur

80 3146 146 3189 veut
157 3135 257 3207 parler.
273 3135 385 3206 Sergius
396 3135 435 3188 vl
447 3136 513 3189 etait
527 3137 622 3207 prince
634 3135 668 3188 dc
679 3134 779 3206 Naplcs
788 3135 898 3206 lorsque
909 3133 1041 3199 Richard,
1055 3135 1150 3206 prince

80 3226 118 3279 de
132 3226 259 3297 Capoue‚
276 3226 394 3297 assiigea
407 3225 583 3279 inutiienicnt
593 3237 665 3280 cette
679 3225 754 3298 place
767 3244 800 3279 en
819 3225 984 3299 1075-10783
1000 3227 1067 3278 mais
1081 3242 1150 3278 nous

80 3318 195 3371 n'arous
208 3335 255 3389 pas
268 3317 461 3370 connaissance
474 3336 528 3390 que
542 3316 660 3380 ltobcrt,
676 3316 747 3370 alors
761 3318 864 3387 occnpe
876 3314 914 3367 du
929 3316 1003 3386 siege
1015 3314 1049 3368 de
1063 3315 1149 3369 Bene·

80 3419 162 3467 vent,
178 3408 215 3459 ait
226 3408 326 3476 jamais
340 3408 397 3478 pris·
411 3426 465 3460 unc
477 3418 537 3478 part
553 3408 639 3459 active
653 3409 666 3459 t
679 3405 749 3459 celui
765 3405 799 3458 dc
813 3405 923 3477 Naplest.

120 3499 160 3565 (a)
174 3495 251 3548 Nous
262 3497 371 3549 n'arons
382 3497 440 3548 rica
451 3499 465 3549 t
475 3496 535 3549 dire
547 3515 593 3548 sur
604 3513 648 3548 ces
659 3494 739 3567 longe
748 3494 888 3560 discours,
899 3512 953 3566 quc
964 3505 1043 3548 notre
1052 3503 1151 3547 auteur

81 3588 154 3639 aime
165 3591 180 3639 ’a
191 3587 284 3658 preter
294 3605 344 3639 atta
359 3587 467 3659 princes
478 3597 633 3651 ntonrants,
646 3596 673 3641 et
684 3586 753 3639 dont
764 3603 833 3638 nous
846 3584 932 3638 allona
949 3595 1060 3638 trouver
1072 3595 1151 3640 avant

82 3678 107 3730 ia
123 3677 161 3730 tin
174 3676 211 3730 du
228 3676 298 3729 livre
309 3696 345 3730 un
359 3677 483 3748 exemplo
497 3677 560 3730 bien
572 3686 729 3730 autrenreut
744 3673 901 3747 developpe,
916 3674 1008 3728 Atesis
1023 3674 1151 3728 s’houora

83 3783 136 3836 par
150 3764 187 3816 les
200 3763 300 3816 tarmes
311 3763 377 3837 qu‘ii
390 3782 464 3817 versa
474 3783 507 3818 en
522 3775 673 3836 apprenant
685 3763 709 3817 la
723 3774 796 3817 mort
806 3763 841 3816 de
853 3781 902 3816 son
916 3761 977 3834 plus
989 3760 1152 3816 redoutable

82 3858 204 3908 ennemi.
224 3856 334 3908 Bientot
348 3856 469 3908 Durazzo
491 3867 583 3909 rontra
597 3876 630 3909 en
650 3874 678 3909 sa
700 3856 858 3928 puissance,
883 3857 935 3909 soit
952 3855 1019 3928 qu’ii
1041 3855 1089 3907 eiit
1107 3854 1151 3907 e'te

85 3947 175 4016 κρῆς
195 3964 244 4016 par
261 3945 299 3996 les
320 3946 465 3998 t'onttiens
482 3964 517 3999 ou
535 3965 583 4017 par
604 3945 706 4009 Bodin,
722 3946 763 3998 roi
777 3944 811 3997 de
824 3945 925 4000 Servie.
941 3943 1151 4016 Quelques·uns

83 4035 136 4088 des
149 4034 305 4087 Narmands
319 4038 403 4088 restes
415 4035 481 4088 dans
496 4035 549 4090 t’tte
559 4034 594 4089 de
606 4034 776 4108 Ce'ptralonie
790 4037 932 4089 eutrcmnt
947 4037 961 4086 a
974 4051 1022 4086 son
1034 4031 1150 4092 service,

84 4133 165 4175 entre
181 4133 277 4175 autres
294 4123 390 4176 Pierre
409 4122 538 4196 d’Aulps,
562 4125 618 4196 tige
636 4123 671 4177 dc
684 4123 709 4176 la
728 4123 868 4195 puissante
884 4123 989 4175 maison
1003 4118 1152 4189 Byzantine

85 4210 137 4263 des
152 4211 338 4284 Petraliphcs,
357 4212 440 4285 qu'on
455 4213 524 4266 croit
539 4214 614 4267 avoir
627 4217 671 4268 c'tc'·
685 4213 741 4267 l‘un
758 4211 806 4266 dcs
819 4213 944 4267 ancetres
958 4209 992 4264 de
1011 4207 1036 4261 ia
1050 4207 1152 4263 tamine

86 4301 125 4353 dr
136 4299 240 4361 uncas,
256 4310 280 4353 ct
292 4299 360 4353 dont
372 4318 440 4353 nnus
450 4320 550 4356 aurona·
561 4303 686 4356 occasion
697 4301 732 4355 dc
744 4299 833 4372 parire
842 4300 911 4353 dans
920 4299 945 4352 lc
957 4297 1023 4351 tit-n·
1034 4296 1149 4351 sitirent.
