3046 5244
107 458 202 535 [casca
219 453 312 531 1⁰00]
475 448 596 513 LIBER
614 449 819 515 SEPTIMUS.
1122 458 1185 519 tlt)

107 587 237 661 l'urtim
260 585 436 684 arripuit,
462 585 560 658 etin
583 583 717 658 Gallias
741 587 930 688 aufugere,
960 588 1186 691 patriumque

109 730 206 779 suam
215 759 227 795 ,
246 702 529 803 coenobiumque
540 729 646 775 suum
662 717 763 776 tanto
781 701 949 779 thesauro
964 704 1081 779 ditare
1096 720 1186 780 sate·

109 823 174 924 git.
193 820 351 911 Verum,
369 821 453 921 quia
468 846 555 895 mox
573 835 615 894 ut
631 820 701 894 tale
719 821 951 896 latrocinium
967 821 1035 896 sibi
1051 824 1185 898 lactum

109 940 280 1013 Bareuscs
296 953 570 1037 compererunt,
591 938 700 1039 longe
721 938 862 1041 lateque
879 938 1085 1016 veredarios
1105 964 1187 1017 suos

109 1053 152 1126 ad
169 1053 330 1128 conlines
347 1078 430 1127 suos
445 1069 483 1126 ct
505 1054 638 1127 amicos
661 1069 769 1154 atque
791 1070 964 1154 patronos
986 1056 1184 1145 miserunt,

110 1195 307 1272 omnesque
320 1170 500 1260 tramites,
518 1168 650 1271 quihus
663 1170 737 1243 itur
753 1171 790 1244 iu
806 1170 1013 1264 Franciam,
1030 1173 1186 1249 sollicite

112 1287 239 1376 tutari,
269 1312 315 1360 ne.
337 1287 397 1359 sur
422 1285 623 1387 hujusmodi
651 1288 902 1389 elongaretur,
929 1291 1051 1364 conati
1084 1307 1184 1365 sunt.

111 1403 309 1505 Stephanus
337 1404 529 1479 Venusiam
555 1404 723 1496 divertit,
752 1405 875 1508 ibique
899 1407 1046 1482 timidus
1074 1408 1187 1484 latere
1302 1404 1308 1412 ’

112 1523 235 1597 volens
252 1522 443 1612 hiemavit,
462 1538 500 1597 ct
519 1548 687 1598 screnum
708 1549 773 1598 ver
795 1542 987 1627 expectans
1007 1541 1187 1627 egrotare

112 1640 237 1740 coepit.
254 1639 391 1714 Deinde
404 1639 592 1715 deficiente
603 1639 671 1714 sibi
686 1666 796 1717 censu
809 1643 1028 1733 necessario,
1043 1660 1187 1719 coactus

112 1758 162 1830 cvl
177 1781 248 1857 pro
267 1757 366 1831 victu
387 1756 586 1833 distrahere
601 1775 793 1859 argentum
812 1758 858 1834 de
875 1775 1001 1834 sancto
1016 1757 1183 1834 brachio.

113 1873 251 1947 luterea
278 1897 344 1972 per
372 1889 484 1947 totam
507 1875 645 1948 ltaliam
669 1892 706 1949 et
726 1876 885 1950 Siciliam
906 1878 1001 1950 bma
1023 1876 1186 1950 volitavit

113 1990 209 2092 quod
224 2017 244 2063 a
257 1989 370 2064 Gallis
382 2008 590 2091 surreptum
604 2009 694 2067 esset
709 1991 898 2067 brachium
914 1992 1012 2068 beati
1028 1993 1184 2068 Nicolal.

115 2108 291 2210 lienique,
306 2107 394 2182 dum
411 2109 456 2183 de
471 2110 531 2183 tali
543 2112 642 2186 furto
656 2110 782 2185 crebra
801 2112 937 2187 locutio
947 2113 1101 2213 populos
1111 2136 1188 2187 mo·

114 2241 231 2315 seret,
248 2242 286 2298 et
302 2252 322 2297 a
339 2225 555 2326 quibusdam
573 2215 1082 2330 Venusicnsibus'samulisque
1099 2253 1186 2303 mo-

115 2533 212 2587 senait
220 2548 269 2604 pas
278 2530 431 2587 seulement
443 2549 514 2606 pour
524 2531 634 2589 donner
644 2531 671 2588 la
684 2531 876 2600 benediction,
887 2532 956 2587 mais
967 2550 1069 2588 eucooe
1078 2548 1187 2589 comme

115 2624 237 2677 sanction
252 2620 301 2676 des
321 2632 458 2677 serments
478 2640 533 2697 que
555 2622 610 2677 l’on
623 2621 715 2678 laisait
728 2622 823 2697 preter
836 2620 942 2677 (lessus.
965 2622 1002 2678 le
1015 2620 1188 2697 magnihque

113 2712 269 2768 Canulaire
289 2711 325 2767 de
336 2722 410 2768 cette
422 2712 526 2786 abbaye
539 2712 678 2770 renlerme
689 2730 730 2768 nn
746 2711 836 2787 gund
849 2711 968 2768 nombre
977 2711 1014 2767 dc
1026 2712 1134 2787 pieoev,
1148 2712 1188 2767 sul

115 2815 185 2861 oette
198 2803 339 2859 formalite
351 2814 393 2859 cst
404 2805 600 2873 mentionnee,
613 2815 642 2861 et
655 2805 710 2861 l’ou
723 2805 781 2859 voit
794 2804 899 2876 figuret
910 2821 960 2858 sur
969 2802 1189 2879 quelques-unes

115 2891 147 2947 de
168 2910 211 2947 scs
231 2893 387 2966 proicientes
403 2893 540 2966 viguettes
558 2893 583 2948 le
602 2892 751 2968 reliquaire
767 2910 803 2946 au
817 2910 915 2967 moyen
932 2889 1037 2967 doquel
1049 2890 1103 2946 elle
1120 2890 1188 2947 v'sc·

115 2983 292 3057 complissait.
312 2983 333 3038 ll
352 2986 479 3056 presente
497 2981 523 3038 la
544 2983 634 3039 forme
650 2984 718 3039 d'un
734 2983 855 3058 gantelet
870 2985 1085 3058 grossierement
1097 2980 1186 3049 taille,

115 3074 149 3129 de
162 3087 238 3130 sorte
250 3093 321 3150 quc,
337 3076 443 3149 malgre
456 3074 480 3128 la
495 3075 616 3131 sormule
626 3078 789 3141 consacsee,
803 3092 841 3130 on
853 3074 915 3130 doit
927 3091 1028 3147 [veum
1040 3072 1109 3148 qu’il
1123 3089 1188 3128 ren·

117 3163 225 3220 lermait
237 3183 293 3220 uon
307 3163 333 3219 le
344 3164 408 3220 bras
422 3165 523 3232 entier,
537 3166 606 3221 mais
619 3164 773 3221 seulement
785 3162 812 3219 la
824 3163 899 3218 main
912 3162 951 3218 du
964 3163 1037 3218 saint
1047 3161 1163 3235 eaeque.

151 3254 228 3309 Nous
243 3273 278 3310 ue
290 3266 421 3310 trouvons
434 3256 502 3311 daus
517 3253 659 3329 l'ouvrage
672 3255 712 3311 du
725 3255 791 3331 [sere
810 3254 925 3310 Bratillo
938 3269 1047 3309 aucune
1063 3251 1188 3307 mention

117 3343 150 3400 sle
170 3344 364 3400 l’enlluement
379 3336 408 3400 ni
429 3345 518 3400 urbane
532 3346 566 3400 dc
579 3345 738 3401 l‘existence
749 3345 817 3400 d’un
831 3344 980 3419 reliquaire
992 3351 1144 3398 coutcnaut
1161 3339 1188 3397 lc

118 3433 179 3489 bras
192 3433 228 3490 de
241 3436 313 3490 saint
333 3434 458 3502 Nimius,
475 3435 612 3511 quoiqu’il
634 3454 704 3491 nous
723 3455 759 3491 en
772 3435 877 3509 signale
891 3436 932 3490 six
945 3444 1037 3489 autres
1049 3433 1084 3489 de
1099 3433 1189 3488 metue

117 3528 213 3599 espece
234 3543 343 3580 comme
363 3527 458 3581 monis
479 3526 549 3581 dans
571 3526 598 3582 le
620 3529 710 3583 tresor
723 3525 760 3581 de
777 3544 827 3581 son
840 3524 936 3598 eglise.
955 3525 1006 3579 bes
1024 3524 1088 3579 bras
1103 3523 1189 3597 quiy

119 3616 218 3669 etaient
238 3616 353 3688 exposc's
372 3619 388 3668 a
410 3613 435 3668 la
456 3616 616 3671 veneratior
635 3614 684 3671 des
699 3614 793 3670 fideles
812 3613 931 3680 etaient,
947 3611 1040 3680 dit-il,
1055 3630 1124 3668 ceux
1140 3609 1190 3668 des

119 3701 187 3759 deux
204 3706 290 3759 saints
309 3705 427 3778 lacques
440 3715 470 3759 et
490 3704 525 3759 de
546 3707 618 3760 saint
639 3705 765 3760 Thomas
778 3702 905 3779 apbtres3
927 3701 962 3759 de
976 3704 1050 3759 saint
1063 3702 1187 3771 Urhaiu‚

121 3811 186 3868 passe
200 3805 230 3848 et
244 3805 365 3866 martyr3
380 3794 416 3850 de
430 3796 502 3851 saian
514 3795 638 3850 Thomas
649 3795 685 3852 de
696 3794 869 3868 Cantorbc'ry
881 3805 911 3851 et
922 3794 958 3851 dc
970 3796 1044 3851 saint
1055 3794 1188 3857 vincent,

121 3881 219 3938 diacre.

154 3975 188 4027 he
200 3974 264 4027 bras
278 3973 314 4028 de
327 3975 400 4029 saint
413 3975 537 4031 Thomas
550 3976 621 4030 avait
634 3979 679 4032 ete'
696 3976 777 4051 legue'
789 3980 804 4032 ‘a
817 3977 920 4052 l'eglise
933 3976 969 4032 dc
984 3970 1190 4031 saint-Nicotas
1295 4026 1302 4043 ‚

124 4083 168 4134 par
180 4066 295 4133 Gallus,
311 4065 416 4141 ev'ique
429 4067 577 4136 d‘Orient,
593 4078 667 4124 mort
684 4069 792 4137 thari,
807 4072 844 4125 oti
859 4069 879 4124 il
901 4069 968 4125 e'tait
980 4086 1051 4122 veuu
1064 4083 1100 4119 eu
1113 4062 1190 4138 pele-

124 4157 229 4229 rinage,
243 4168 273 4213 et
283 4157 355 4213 celui
369 4156 404 4212 de
416 4158 489 4213 saint
502 4159 623 4216 Vincent
637 4160 780 4235 provenait
790 4160 856 4215 d'un
869 4159 974 4233 evenne
985 4156 1020 4212 de
1031 4155 1162 4221 Valente,
1174 4158 1190 4209 ἐι

126 4244 146 4299 la
158 4249 228 4305 suite
242 4247 277 4304 sle
291 4250 494 4306 circonstances
505 4249 677 4307 semblables.
