3046 5244
231 462 340 535 [ioca]
603 454 718 517 alneu
741 456 930 519 ocrlvus.
1244 463 1299 525 tu

280 586 510 660 llelesmensis
522 589 649 662 munio
661 613 796 662 riorum
810 588 996 663 castellum
1009 594 1065 689 (t)
1077 592 1160 665 totis
1169 590 1306 667 nisibus

227 707 412 781 destruere
433 705 589 795 studuit,
613 721 649 779 et
673 732 843 807 pagenses
863 704 909 781 de
928 709 1029 783 omni
1051 725 1225 809 potestate
1244 736 1305 785 sua

228 841 265 898 et
281 825 464 897 vicinitate
487 824 530 896 ad
551 825 737 923 angariam
755 826 810 924 (a)
828 841 960 926 coeptae
977 825 1184 927 dejectionis
1199 853 1305 903 com-

227 940 335 1041 pulit.
351 940 400 1012 Et
413 941 496 1040 quia
512 939 676 1015 homines
688 942 809 1015 Sancti
823 940 967 1018 Ebrulli
980 942 1024 1016 ad
1038 942 1305 1045 dissipationem

228 1061 334 1133 castri
357 1085 432 1132 nou
456 1058 659 1149 allueruut,
684 1061 767 1160 quia
787 1059 919 1135 ditioni
937 1062 1012 1162 eJ'us
1032 1059 1136 1135 subdi
1156 1062 1306 1139 minime

225 1176 453 1263 debuerunt,
478 1177 713 1251 vehementer
736 1194 863 1252 contra
890 1177 1088 1253 monachos
1111 1179 1304 1268 intumuit,

229 1311 266 1367 et
286 1320 352 1393 per
374 1321 487 1366 uuum
509 1322 647 1369 annuam
670 1296 829 1395 ingentia
852 1294 984 1368 domm
1001 1297 1052 1371 eis
1068 1295 1205 1371 intulit.
1224 1299 1306 1371 Ho-

231 1412 345 1485 mines
357 1413 469 1485 saucti
483 1414 595 1510 patris
608 1411 753 1486 Ebrulli
764 1412 809 1487 ad
818 1439 969 1488 suorum
982 1434 1091 1513 opera
1106 1430 1308 1489 castrorum

231 1530 411 1603 violenter
427 1528 592 1627 cogebat.
610 1528 887 1631 Diffugientium
900 1556 989 1605 vem
1006 1529 1144 1633 praedas
1159 1530 1310 1632 diripie-

232 1646 312 1733 bat,
339 1662 375 1718 et
395 1647 511 1744 ipsum
532 1645 746 1720 coenobium
767 1672 804 1721 se
822 1647 1093 1723 destructurum
1112 1648 1309 1723 crudeliter

230 1763 451 1853 minabatur,
474 1765 540 1836 nisi
560 1765 713 1837 omniuo
729 1762 819 1851 sibi,
839 1781 881 1839 ut
895 1764 1063 1854 domiuo,
1084 1767 1122 1839 in
1139 1764 1309 1839 omnibus

231 1880 538 1976 manciparentur.
553 1880 717 1980 Denique
730 1881 768 1953 iu
781 1896 923 1954 tautum
937 1882 1053 1956 crevit
1063 1882 1137 1981 ejus
1151 1883 1306 1966 vesania,

231 2012 272 2068 ut
298 2021 389 2095 pene
412 2022 537 2069 omnes
562 1997 809 2071 ecclesiasticae
832 1998 1070 2098 possessiones
1094 2000 1131 2072 in
1150 1998 1306 2087 vicinio,

230 2115 304 2212 ejus
325 2113 635 2214 depopularentur
657 2114 861 2189 insolentia.
881 2113 988 2189 Unde
1006 2112 1174 2190 monachi
1193 2114 1309 2187 claus-

233 2232 339 2304 trales
356 2232 457 2331 graui
482 2232 609 2305 arctati
636 2248 721 2305 sunt
739 2232 911 2333 penuria,
938 2248 976 2305 et
999 2231 1175 2331 Rogemus
1199 2228 1334 2303 abbas*

231 2351 437 2449 compulsus
455 2367 508 2422 est
526 2349 711 2424 Guillelmi
730 2351 824 2450 regis
840 2348 1039 2423 subsidium
1056 2348 1249 2448 deposcere
1268 2349 1306 2421 in

232 2466 383 2565 Anglia,
406 2466 451 2539 ad
474 2494 556 2539 usus
579 2492 799 2567 egenorum,
819 2466 952 2569 quibus
975 2466 1117 2564 tyrulnai
1140 2464 1308 2566 depopu-

233 2583 319 2656 latio
340 2584 507 2657 alimenta
527 2584 720 2658 sustulerat
739 2585 947 2657 necessaria.
968 2583 1060 2656 Aliis
1077 2608 1223 2684 quoquc
1242 2583 1307 2657 Dei

229 2701 389 2789 famulis,
416 2703 476 2802 qui
505 2700 660 2789 subeo,
686 2702 743 2775 vel
771 2704 809 2775 iu
832 2704 907 2803 ejus
932 2702 1086 2789 vicinio,
1111 2699 1308 2775 crudeliter

231 2820 464 2907 imminebat,
492 2846 624 2920 eosque
645 2818 811 2919 pluribus
830 2819 971 2893 damnis
993 2836 1031 2894 et
1054 2817 1307 2892 afflictionibus

228 2936 364 3036 absque
380 2937 625 3011 miseric01dia
642 2963 736 3037 saepc
754 2937 1004 3011 contristabat.
1026 2938 1105 3011 lloc
1124 2937 1307 3035 Sagienses

228 3070 267 3127 et
288 3056 549 3143 Trou-nenses,
575 3055 643 3128 hoc
664 3058 772 3128 etiam
792 3072 1007 3130 attestantur
1026 3054 1306 3129 cenomannen-

229 3176 378 3269 ses·(3),
404 3175 465 3272 qui
489 3199 555 3272 per
578 3175 652 3272 cjus
674 3175 847 3246 saevitiam
871 3190 908 3247 et
936 3174 1080 3273 injustas
1103 3173 1307 3251 exactiones

228 3294 439 3390 liequenter
458 3293 508 3362 ira
525 3291 742 3389 tristitiaque
759 3290 963 3388 expalluere
982 3288 1156 3388 lugentes.

280 3409 446 3507 Sagiense
470 3434 616 3509 quoque
637 3409 860 3506 episcopium
879 3406 1085 3480 Rodbertus
1107 3421 1232 3478 contra
1247 3406 1305 3505 jus

230 3540 267 3599 et
280 3526 331 3596 las
348 3525 629 3623 comprimebat,
648 3540 686 3596 et
701 3522 897 3595 Guillelmo
914 3522 1128 3609 Belesmeusi
1147 3548 1216 3595 avo
1232 3524 1305 3621 ejus

229 3670 249 3713 a
270 3643 424 3715 Ricardo
440 3643 531 3715 duce
548 3642 673 3715 datum
690 3639 888 3730 asserebat,
907 3657 945 3713 ct
961 3640 1084 3713 multis
1100 3639 1306 3739 oppressio·

292 3812 306 3819 -
329 3812 348 3819 .-
454 3812 667 3821 -..-....-
688 3799 1306 3821 ..-...-...-.-----.-,...---*

266 3891 304 3957 (1)
317 3890 338 3942 ll
349 3908 384 3941 ne
393 3890 472 3961 s'agit
485 3911 532 3962 pas
543 3892 577 3945 ici
590 3890 624 3943 dc
635 3890 799 3945 Nealchitcl
808 3910 843 3945 cn
855 3892 1006 3954 Saounois,
1020 3908 1076 3964 quc
1089 3888 1195 3944 Rolacrt
1207 3886 1307 3943 ra'anit

231 3998 322 4032 :stacten
338 3982 438 4034 interit
454 3986 467 4033 i
482 3981 621 4043 «latrone,
639 3981 769 4055 pnisqu'il
784 3982 823 4035 lui
840 3983 1029 4055 aplparteuait,
1045 3982 1114 4035 mais
1127 3978 1165 4033 du
1180 3996 1306 4031 arotarcau

231 4068 347 4122 chalcan
362 4069 397 4122 dc
414 4071 570 4142 llorataigu,
591 4072 659 4145 qtt'il
673 4073 741 4128 ctail
757 4071 902 4144 lustralium
915 4070 950 4124 dc
963 4072 1023 4125 voit·
1035 4070 1221 4124 etaliirenuml
1235 4069 1304 4120 rasin

267 4160 306 4225 (a)
321 4161 355 4213 la
369 4180 474 4214 corice.

268 4249 304 4304 ³5,
322 4250 370 4303 tas·
386 4254 489 4305 tutunus
505 4252 539 4305 de
554 4254 753 4309 saint-alnam
767 4253 802 4306 (lc
816 4255 896 4312 Slus,
910 4251 945 4303 «lv
960 4252 1070 4305 'l'ruarn
1084 4258 1112 4303 cl
1126 4248 1165 4302 du
1178 4250 1270 4301 Mans.
