3016 5242
221 397 282 456 600
500 399 684 460 HISTORIA
707 398 1013 460 tcctsssttsttct,
1083 402 1188 481 [tuum
1202 402 1286 481 1099]

221 528 444 602 interiorem.
477 532 592 631 Super
619 533 718 605 illam
748 556 835 606 vero
865 532 1021 604 vicissim
1051 528 1287 605 ascendebant

219 645 405 719 christiani
426 648 575 741 milites,
598 665 634 722 ct
656 649 818 722 cominus
838 646 1105 746 praeliabantur
1124 648 1165 721 in
1188 673 1287 722 mum

219 789 302 836 cum
314 764 533 854 sarracenis,
548 782 585 840 ct
600 792 659 842 eos
672 764 921 867 percutiebant
933 764 1081 839 ensibus
1091 781 1132 840 et
1149 766 1285 839 lanceis.

217 884 259 955 ln
274 883 335 956 illa
349 887 601 985 congressione
615 886 720 959 multi
734 910 778 958 ex
792 901 947 986 utroque
959 885 1101 987 populo
1115 886 1288 984 perempti

217 1017 315 1073 sunt.
346 1002 470 1074 Plures
500 1019 622 1076 tamen
651 1028 695 1076 ex
724 1000 891 1102 gentibus
917 1000 1126 1101 perierunt.
1162 998 1288 1075 Audito

218 1118 425 1192 retrahendi
454 1121 564 1210 lituo,
593 1119 787 1193 Christiani
815 1118 861 1192 ab
888 1120 1025 1218 impetu
1054 1117 1124 1192 illo
1154 1117 1290 1190 tandem

218 1235 451 1327 destiterunt,
479 1236 581 1310 etad
604 1254 717 1311 castra
744 1252 965 1311 remearunt.
985 1235 1172 1311 Victualia
1191 1259 1288 1324 vero,

218 1380 301 1454 quae
319 1380 437 1427 secum
459 1353 683 1442 detulerant,
710 1355 858 1427 interim
881 1351 1101 1427 deiecerant.
1129 1351 1208 1426 Nec
1224 1354 1290 1452 jam

220 1471 472 1547 inveniebatur
497 1453 600 1571 panis
630 1470 675 1545 ad
704 1470 915 1561 emendum,
946 1495 1014 1544 nec
1042 1471 1098 1543 irc
1131 1486 1292 1569 poteraut

218 1591 486 1662 frumentatum.
507 1589 620 1688 Regio
638 1588 700 1661 illa
718 1589 923 1661 nullatenus
938 1602 992 1659 cst
1007 1587 1173 1687 irrigua,
1191 1587 1291 1659 immo

220 1702 358 1779 torrida
375 1721 412 1778 et
425 1703 660 1804 perhorrida,
677 1698 829 1806 ideoque
840 1703 1012 1804 jumentis
1027 1719 1066 1777 et
1082 1700 1294 1776 animalibus

220 1823 340 1895 minus
353 1839 578 1922 opportuna,
598 1837 723 1921 utpote
737 1821 877 1921 pascuis
888 1820 1065 1919 inopima.
1082 1819 1204 1894 Terra
1216 1844 1294 1921 quo

220 1967 292 2042 que
308 1942 368 2012 illa
382 1967 457 2014 non
471 1957 524 2013 est
538 1966 747 2029 nemorosa,
763 1956 800 2014 et
815 1939 949 2012 idcirco
962 1938 1086 2011 minus
1096 1936 1292 2012 fructilen.

220 2060 382 2131 Palmam
411 2074 552 2132 tantum
580 2058 666 2148 alit,
693 2074 729 2134 et
759 2058 913 2147 olivam;
940 2057 1083 2155 patitur
1112 2073 1239 2130 autem
1264 2071 1296 2129 ct

221 2177 377 2248 vineam.
397 2174 567 2250 Jordanis
580 2174 625 2246 ab
637 2176 838 2248 Jerusalem
849 2171 969 2246 stadiis
983 2173 1062 2247 sare
1076 2197 1172 2264 xxx,
1187 2190 1228 2248 ut
1238 2199 1296 2272 pu·

223 2309 319 2383 tant,
345 2293 559 2394 sejungitur.
600 2296 711 2366 Lacus
745 2291 852 2365 habet
877 2316 938 2364 sex
962 2305 1144 2365 remotos.
1173 2289 1297 2363 Civitas

224 2411 333 2486 habet
352 2440 430 2484 suas
451 2413 643 2504 cisternas,
667 2409 763 2485 unde
782 2410 905 2483 alitur.
928 2406 984 2481 Ad
1006 2406 1151 2481 radices
1173 2407 1296 2482 montis

225 2530 312 2605 Sion
331 2531 426 2604 Silue
443 2508 529 2604 sons·
540 2546 612 2620 est;
634 2528 695 2603 sed
713 2530 773 2602 vix
793 2552 924 2628 paucos
940 2541 1088 2628 poterat
1103 2540 1297 2600 sustentas

226 2647 403 2721 homines.
426 2647 581 2721 Juvabat
599 2664 740 2739 tamen,
765 2662 802 2720 et
821 2644 961 2720 modica
980 2644 1124 2745 magnis
1143 2643 1297 2745 expensis

226 2793 316 2868 aqua
330 2765 620 2866 comparabatur.
637 2767 761 2866 Equos
776 2781 905 2863 potum
919 2759 1115 2853 ducebant,
1132 2787 1213 2837 non
1228 2762 1296 2835 sinc

225 2909 361 2981 pavore
378 2884 493 2956 nimio
502 2937 512 2970 ,
531 2909 598 2980 per
613 2909 675 2954 sex
690 2881 873 2954 milliaria.

274 3000 426 3072 Interim
444 3000 651 3071 nuntiatum
676 3015 730 3071 est
751 2999 932 3073 incastris
955 3023 1062 3072 tratas
1078 2994 1297 3071 Christiano·

225 3142 309 3187 rum
320 3115 504 3188 onerarias
519 3116 554 3187 in
570 3131 681 3215 portu
693 3115 820 3216 Japhi,
835 3142 944 3217 quam
957 3115 1112 3215 antiquo
1124 3112 1295 3191 vombttlo

227 3234 343 3333 Joppe
365 3234 420 3332 (1)
444 3231 578 3307 dictam
603 3252 788 3334 putamus,
816 3234 1040 3334 applicuisse.
1066 3232 1180 3328 Quod
1203 3230 1296 3307 valde

226 3350 397 3426 omnibus
408 3353 626 3452 complacuit
638 3352 888 3426 castrensibus.
905 3350 1095 3425 Consiliati
1107 3366 1197 3424 sunt
1208 3349 1295 3451 priu-

227 3470 343 3570 cipcs,
370 3470 555 3570 quomodo
579 3487 703 3545 cuntes
729 3488 765 3545 et
788 3468 978 3544 redeuntes
999 3484 1101 3545 tutos
1122 3469 1290 3557 lacerent,

227 3591 291 3687 qui
310 3613 329 3660 e
354 3587 505 3662 navibus
527 3591 720 3662 necessaria
738 3586 971 3662 deveherent.
988 3588 1111 3688 Joppe
1125 3586 1293 3690 siquidem

227 3736 247 3779 a
273 3708 422 3780 Ramula
441 3710 541 3809 quasi
562 3725 646 3784 octo
666 3708 774 3783 distat
789 3709 981 3782 milliariis.
1006 3709 1128 3785 Porro
1154 3708 1294 3785 Ascalo·

227 3826 314 3899 nitae
332 3826 389 3898 vel
409 3825 607 3926 indigenae,
627 3828 689 3928 qui
706 3827 931 3928 vagabantur
948 3828 985 3901 in
1002 3829 1227 3917 montaneis,
1242 3822 1292 3897 vel

228 3945 265 4015 in
283 3944 407 4017 excisis
422 3962 694 4044 praeruptorum
709 3946 902 4034 cuniculis,
919 3946 1075 4020 viatores
1086 3944 1292 4047 aliquotiens

227 4060 490 4134 incursitabant
507 4079 543 4134 ct
557 4062 838 4137 obtruncabant.
859 4064 980 4138 Motus
997 4062 1084 4151 iste,
1104 4062 1164 4139 vel
1177 4082 1292 4136 rumor

233 4235 601 4249 .·--—=—-—··————-

265 4324 303 4393 (r)
317 4324 420 4396 Joppe,
436 4323 617 4395 aujourd’ltui
629 4323 706 4380 lulla.
