3046 5244
224 540 337 619 [rost]
590 532 702 594 ranan
722 532 924 593 seramus.
1233 538 1291 595 nn

278 671 336 741 Sic
356 670 485 739 iratum
501 664 627 737 ducem
643 664 734 761 Papa
752 662 893 751 lenivit,
916 680 1131 763 acceptoque
1144 665 1294 738 consilio

230 789 272 861 de
291 806 394 859 turre
407 784 608 855 Crescentis
626 807 707 854 cum
724 781 822 853 clero
839 781 977 880 sequaci
995 782 1124 866 exivit,
1140 796 1175 853 et
1187 781 1296 853 comi·

231 922 329 978 tante
350 903 442 976 duce
466 926 549 974 cum
575 899 689 971 valida
711 925 819 970 manu
843 897 985 983 ductus,
1014 896 1144 970 Albam
1169 897 1292 970 adivit.

233 1027 332 1096 llanc
350 1024 468 1119 itaque
481 1018 606 1089 urbem
624 1019 793 1088 Ascanius
807 1016 935 1103 Julius,
952 1016 1075 1087 AEncae
1092 1015 1197 1102 lilius,
1212 1040 1297 1088 con·

232 1140 342 1230 didit,
360 1154 396 1209 et
411 1136 667 1207 Constantinus
682 1132 861 1231 Augustus
874 1150 996 1204 sancto
1008 1134 1179 1205 Silvestro
1193 1133 1297 1231 Papae

233 1255 343 1328 dedit.
362 1254 442 1323 Dux
455 1268 572 1322 autem
590 1250 780 1347 apostolica
794 1247 1214 1346 benedictioneaccepta,
1233 1249 1301 1319 iter

235 1374 275 1445 ad
292 1397 390 1444 mare
406 1371 635 1455 acceleravit,
654 1383 689 1439 et
709 1384 806 1439 trans
828 1384 980 1465 pontum
999 1383 1114 1439 coctus
1131 1392 1211 1439 suos
1226 1368 1299 1438 ses-

237 1491 408 1573 tinanter,
425 1503 463 1557 ut
477 1487 526 1557 eis
540 1488 741 1584 juraverat,
761 1484 909 1580 expetiit
926 1486 941 1579 (
965 1486 993 1577 ).

283 1605 422 1674 luterea
451 1599 598 1672 callidus
623 1601 819 1697 imperator
842 1597 1074 1686 Graecorurn,
1095 1613 1135 1668 nt
1160 1596 1301 1670 Rober-

238 1737 313 1791 tum
334 1718 459 1790 adiisse
481 1718 618 1789 ltaliam
635 1717 824 1814 cognovit,
843 1732 941 1787 ratus
960 1714 1058 1815 quod
1072 1715 1302 1788 Normannos

236 1835 381 1908 absente
403 1835 492 1907 duce
509 1834 695 1906 destitutos
716 1830 904 1905 debilitare
922 1849 1061 1932 posset,
1088 1834 1299 1920 insurrexit,

237 1955 367 2025 multas
390 1952 556 2024 cohortes
574 1951 762 2038 adunavit,
787 1967 823 2022 ct
843 1951 1034 2025 invitusad
1052 1951 1188 2023 bellum
1212 1950 1304 2022 Nor·

237 2096 387 2143 mertuos
399 2072 527 2168 coegit.
543 2071 741 2141 Commisso
752 2086 870 2140 autem
885 2071 1013 2167 praelio
1030 2069 1229 2142 Normanni
1245 2067 1305 2141 tle·

238 2188 324 2262 biles
349 2191 384 2260 in
405 2189 530 2286 primis
543 2189 675 2285 reperti
692 2204 795 2273 sunt,
816 2204 852 2257 et
866 2188 987 2257 multis
1000 2212 1043 2257 ex
1060 2187 1172 2259 causis
1187 2187 1222 2256 in
1238 2185 1305 2256 ini-

240 2307 290 2377 tio
317 2306 524 2378 certaminis
553 2305 689 2390 territi,
713 2321 749 2375 ct
778 2328 870 2400 pene
902 2304 987 2376 victi
1014 2320 1109 2374 sunt.
1143 2302 1235 2373 Nam
1264 2317 1305 2373 ut

239 2426 454 2521 paucitatem
469 2424 543 2509 sui,
561 2437 597 2493 ct
611 2421 806 2493 absentiam
824 2421 995 2492 fortunati
1014 2419 1113 2492 ducis
1123 2474 1132 2506 ,
1153 2434 1188 2492 et
1203 2419 1304 2491 matl-

240 2539 429 2611 titudinem
462 2539 615 2611 hostium
641 2537 929 2637 perpenderunt,
957 2562 1049 2635 pene
1077 2539 1197 2635 lugam
1222 2552 1305 2610 ante

238 2681 395 2755 pugnam
419 2657 589 2727 inierunt,
618 2654 685 2726 Sed
709 2681 792 2728 cum
815 2653 1043 2726 Buamundus
1067 2655 1104 2725 in
1134 2653 1306 2726 conllictu

237 2798 318 2846 cum
341 2773 468 2844 turmis
485 2774 556 2844 suis
572 2773 740 2845 vacillans
764 2772 977 2870 trepidaret,
993 2788 1030 2844 et
1050 2773 1175 2843 anxius
1191 2772 1306 2842 Deum

240 2914 278 2961 ex
297 2890 407 2962 corde
425 2893 625 2976 invocaret,
644 2889 774 2961 dirinae
793 2892 932 2987 pietatis
950 2891 1121 2962 auxilium
1136 2888 1233 2960 all'uit
1244 2944 1254 2977 ,
1271 2904 1307 2960 et

239 3029 304 3077 toa
327 3004 568 3104 hujuscemodi
588 3004 740 3103 desuper
760 3007 918 3077 intonuit
938 3036 946 3075 :
965 3005 1199 3093 trasimunde,
1217 3006 1308 3103 quid

241 3120 349 3218 ogis?
363 3118 705 3217 I’rcrlae'urejortiler.
732 3121 830 3191 Nam
855 3121 935 3206 ille,
959 3123 1024 3218 (μα’
1043 3138 1182 3218 putrem
1205 3136 1304 3190 trium

238 3239 349 3331 juvit,
369 3238 581 3307 insimiliter
596 3238 801 3336 adjuvabit,
820 3240 903 3308 siin
923 3238 986 3308 illo
1001 3239 1303 3337 conjisusfueris,

242 3354 739 3452 eiqueficleliterutili'taueris.
756 3355 829 3424 llac
843 3379 927 3424 voce
941 3354 1140 3425 Normauni
1157 3356 1305 3426 recreati

998 3524 1008 3527 -
1017 3523 1298 3532 -—.-—-—--—-

245 3602 315 3670 guise
333 3599 439 3653 t'11de
452 3601 552 3669 janrais
566 3618 592 3650 se
604 3600 677 3670 jeten
695 3618 747 3651 aux
764 3598 842 3670 pleds
861 3598 896 3650 dc
914 3617 1058 3670 personne.
1079 3600 1119 3653 Ce
1140 3601 1181 3653 lut
1199 3600 1304 3654 llobcrt

244 3690 285 3759 qni
300 3691 357 3760 prit
371 3699 442 3740 cette
458 3700 571 3758 posture
585 3687 609 3740 la
625 3689 761 3760 premiere
774 3689 825 3741 lois
841 3687 922 3760 qu'ils
936 3705 964 3740 se
978 3689 1082 3755 virent,
1099 3691 1113 3741 it
1128 3691 1254 3762 Aquino,
1270 3708 1304 3742 au

245 3781 307 3831 mois
321 3777 357 3830 dc
368 3778 430 3847 juin
451 3778 524 3830 tollo.

273 3870 309 3937 (i)
323 3870 359 3921 Le
372 3867 426 3920 duc
442 3887 476 3920 ne
488 3866 627 3920 coneluisit
642 3884 688 3938 pas
701 3867 839 3938 Gregoire
855 3871 870 3920 ai
884 3867 1004 3932 Albano,
1021 3868 1088 3921 mais
1102 3869 1120 3920 il
1135 3868 1160 3921 le
1174 3868 1251 3923 laissa
1268 3887 1302 3922 au

246 3957 320 4024 patus
333 3957 369 4011 de
387 3959 496 4011 Latran.
517 3957 538 4009 ll
557 3975 592 4010 ne
609 3959 692 4028 partit
709 3956 856 4011 lui-mima
872 3977 943 4030 pour
960 3958 1071 4031 l’lllyrie
1089 3961 1170 4031 qu‘au
1185 3961 1255 4012 mois
1269 3960 1303 4013 de

247 4049 405 4117 septembre.
425 4049 564 4118 Gregoire
583 4048 635 4100 t'lt
656 4067 669 4099 a
690 4047 752 4100 liicn
772 4049 926 4118 sejournci
942 4048 1062 4114 Albano,
1079 4050 1145 4102 mais
1164 4051 1254 4103 c'etait
1268 4069 1302 4104 eu

250 4145 319 4209 1074,
339 4137 465 4209 lursqu‘il
479 4156 507 4189 se
521 4137 629 4191 reudait
643 4158 677 4190 au
699 4141 776 4192 llont
794 4140 889 4193 Cassio
908 4151 936 4193 et
953 4144 967 4194 a
985 4143 1106 4212 Capoue.
1122 4140 1143 4193 ll
1162 4143 1249 4195 arrivs
1268 4163 1301 4198 au

247 4226 316 4284 lton
330 4230 427 4284 Cassia
444 4228 512 4282 «laus
527 4230 551 4283 le
564 4233 634 4283 mois
645 4230 747 4294 d’aoiit,
762 4242 790 4285 et
803 4250 837 4285 ne
851 4233 934 4303 partit
948 4231 1103 4302 deCapoue
1114 4251 1185 4303 pour
1196 4238 1304 4291 revenit·

247 4319 353 4376 attonis
370 4321 454 4393 qtt'au
470 4319 563 4371 inilia-n
579 4319 613 4371 de
631 4321 786 4374 iiovemlne.
