3046 5244
226 458 331 535 [roan
580 446 698 511 praua
718 448 923 515 serimus.
1163 438 1173 461 “
1227 456 1286 517 aar

229 605 266 660 ut
276 610 355 659 mos
367 599 439 670 est,
457 598 583 656 mutuo
596 584 821 680 percunctari
836 596 1041 682 caeperunt.
1060 585 1176 659 Erant
1190 588 1288 661 enim

228 706 268 779 de
295 700 507 776 barensibus
534 699 678 802 quidam
703 699 883 773 Veneticis
910 702 987 776 noti
1016 720 1052 775 et
1075 704 1199 792 amici,
1222 707 1287 805 qni

227 837 415 921 eoeperunt
441 819 485 893 de
508 832 662 916 sulpure
683 833 806 889 sancto
827 816 1031 927 altepnatim
1052 819 1286 894 confabulari.

226 938 384 1013 Venetici
403 952 522 1008 autem
539 928 635 1034 quod
649 932 783 1005 (ludum
798 952 1037 1033 conceperant
1050 937 1197 1026 animis,
1213 964 1287 1012 non

226 1054 481 1128 dubitaverunt
506 1049 612 1122 edere
631 1046 764 1121 verbis.
789 1050 892 1123 Palos
914 1078 1059 1153 quoque
1080 1052 1232 1143 ferreos,
1254 1071 1291 1128 et

227 1173 372 1247 malleos
393 1195 429 1241 se
449 1167 579 1240 babere
602 1182 822 1265 praeparatos
848 1168 994 1241 confessi
1021 1187 1122 1261 suut,
1149 1188 1186 1244 et
1206 1174 1289 1273 quia

228 1307 364 1364 tentare
388 1286 561 1359 deberent
588 1284 778 1356 consilium
804 1282 987 1371 habitum,
1015 1287 1089 1359 illie
1115 1288 1291 1387 prandere
1318 1304 1324 1320 '
1394 1319 1398 1327 ·

228 1435 297 1483 non
318 1405 549 1478 distulerunt.
572 1399 675 1493 Quod
696 1427 778 1473 cum
796 1400 974 1475 audissent
992 1403 1135 1492 Barini,
1160 1402 1292 1480 adhoc

229 1523 468 1623 incipiendum
495 1535 532 1593 et
559 1516 819 1619 perficiendum
845 1522 972 1620 majori
1004 1519 1180 1596 desiderio
1209 1541 1293 1597 sunt

228 1638 379 1725 accensi,
404 1663 478 1710 non
502 1651 574 1706 tam
592 1635 646 1707 sui
663 1659 733 1733 pro
749 1634 862 1733 gloria
880 1651 917 1707 et
934 1634 1089 1723 honore,
1114 1639 1293 1739 totiusque

228 1757 351 1852 petrioe
378 1749 643 1853 magnitudine,
674 1777 783 1851 quam
812 1776 880 1849 pro
904 1768 977 1824 tam
1005 1754 1291 1828 excellentissimi

227 1871 435 1944 confessuris
456 1893 592 1942 amore.
619 1867 812 1966 Negotium
836 1869 959 1967 igitur,
977 1870 1027 1943 ob
1042 1870 1140 1972 quod
1157 1871 1293 1945 Antio·

228 1987 342 2063 chiam
357 1988 490 2071 ierunt,
506 1984 759 2082 expieverunt,
775 1999 811 2056 et
825 1983 906 2056 iude
919 1988 1130 2085 quantocius
1140 1987 1294 2061 ducente

229 2103 300 2176 lleo
336 2117 600 2175 remeaverunt.
629 2101 719 2174 Cum
747 2125 835 2173 vero
862 2127 1034 2201 prospere
1060 2105 1226 2202 Myrense
1250 2104 1294 2176 ad

229 2221 325 2293 littus
352 2220 706 2319 appropinquarent,
735 2219 877 2318 iamque
902 2246 920 2291 a
946 2222 1068 2318 priore
1092 2220 1295 2294 deficientes

229 2338 369 2424 ardore,
389 2339 482 2409 ultra
502 2338 654 2409 transire
670 2337 805 2408 vellent
819 2339 889 2433 (ι),
907 2338 1105 2436 imperante
1120 2339 1199 2412 Deo
1212 2360 1297 2415 con·

228 2457 360 2528 travius
387 2469 515 2525 ventus
544 2479 562 2523 a
596 2451 730 2525 boreali
759 2466 862 2550 parte
891 2454 1068 2545 surrexit,
1100 2468 1296 2556 nautasque

229 2571 377 2642 barinos
393 2584 515 2640 atrstro
530 2569 734 2667 quiescente
752 2569 800 2640 ibi
819 2570 994 2644 remorari
1013 2573 1142 2671 coegit.
1158 2569 1297 2645 Volun-

230 2701 337 2758 tatem
362 2685 482 2783 itaque
502 2684 565 2755 Dei
590 2685 847 2784 intelligentes,
872 2710 971 2758 arma
992 2689 1167 2762 continuo
1191 2712 1297 2761 com-

230 2803 517 2903 prehenderunt,
545 2828 746 2902 paucosque
767 2805 828 2904 qui
850 2821 944 2878 rates
966 2807 1111 2879 interim
1134 2806 1297 2881 eustodi-

232 2937 309 2995 oent
348 2923 422 2992 acie
453 2922 541 2992 lacta
583 2919 820 3019 relinquunt,
854 2938 890 2993 et
928 2923 1056 3022 reliqui
1092 2924 1224 2996 muniti
1261 2924 1298 2996 et

234 3036 369 3132 providi
399 3039 477 3134 (a),
504 3036 604 3110 velut
632 3036 791 3110 hostibus
816 3038 1026 3130 obviarent,
1045 3041 1224 3114 destinant
1251 3041 1296 3114 ad

233 3155 414 3228 ecetesiam
436 3155 504 3239 ire,
530 3178 610 3252 quae
639 3152 746 3252 longe
768 3156 866 3254 quasi
889 3159 1004 3254 spatio
1027 3158 1137 3228 trium
1158 3157 1297 3229 millia-

235 3274 370 3344 riorum
386 3286 464 3342 erat
480 3299 497 3341 a
516 3271 651 3343 littore.
671 3271 833 3371 Denique
850 3273 1043 3344 claustrum
1060 3274 1216 3347 ecclesiae
1234 3275 1296 3346 in-

235 3403 395 3477 troeunt,
413 3414 511 3460 arma
523 3381 727 3487 deponunt,
743 3388 928 3490 aedemque
941 3406 1099 3463 sanctam
1113 3391 1298 3467 humiliter
1326 3392 1330 3402 '

237 3504 408 3591 subeunt,
444 3523 676 3606 sanctumque
707 3509 896 3605 proesulem
926 3509 1085 3607 llagitaro
1117 3525 1293 3609 satagunt.

269 3793 307 3858 (ι)
318 3789 356 3844 La
366 3790 553 3844 circonstance
563 3789 611 3861 qai
624 3787 664 3842 les
677 3789 823 3861 engageait
836 3790 851 3842 l
864 3804 998 3842 reuoacer
1008 3787 1099 3843 t‘leut·
1112 3790 1215 3862 projet,
1231 3808 1297 3845 coo·

242 3880 404 3936 riutandans
424 3878 472 3933 des
490 3889 569 3931 rents
583 3879 733 3932 contraires
747 3895 819 3952 poor
832 3896 859 3933 se
875 3876 976 3933 rendre
988 3883 1002 3932 t
1016 3878 1094 3951 lllpre
1105 3891 1132 3935 et
1150 3879 1297 3935 tres-savo·

244 3971 322 4025 nutes
336 3991 408 4044 pour
420 3969 570 4043 repreadre
583 3971 608 4023 le
621 3971 733 4024 chemin
747 3968 782 4023 de
796 3971 866 4024 Bari.
884 3971 919 4024 La
934 3970 1053 4042 tempete
1066 3971 1115 4044 qul
1134 3971 1243 4036 s’eleve,
1259 3970 1297 4024 lea

245 4062 357 4127 mamis
370 4080 405 4116 au
414 4062 551 4116 contraire
562 4077 622 4115 vers
633 4061 719 4133 lllyre.
895 4073 899 4082 ·

255 4130 259 4139 Ι
274 4151 309 4220 la)
320 4155 363 4208 Au
382 4151 499 4206 nombre
518 4149 552 4204 de
566 4157 607 4226 47.
627 4149 673 4206 Oa
691 4168 808 4223 suppose
823 4168 878 4223 que
892 4151 1018 4206 e’etaient
1031 4161 1093 4206 tous
1107 4166 1174 4204 oeax
1187 4150 1236 4222 qui
1249 4168 1297 4223 ap-

250 4246 435 4305 partenaient'a
450 4243 474 4295 la
488 4242 550 4296 ville
563 4242 597 4296 de
611 4241 683 4295 Bari.
1225 4244 1229 4249 ’
