3046 5244
69 499 174 576 [1087]
430 496 544 558 aissa
565 496 770 558 susumus.
1076 502 1137 560 rsa

68 628 227 703 adhaesit.
257 626 325 699 Sed
351 652 436 700 mox
467 630 610 702 sinistra
635 629 780 701 lortuua
805 628 975 702 omuibus
1002 631 1138 729 pariter

68 750 262 821 maximum
281 761 458 818 terrorem
482 749 701 847 propinavit.
729 747 820 819 Nam
841 771 991 821 enorme
1012 750 1139 820 incen-

68 867 164 940 dium
186 864 231 937 de
248 862 401 965 quadam
418 865 528 939 domo
547 868 713 965 protinus
731 866 867 963 erupit,
890 882 926 938 et
947 862 1160 939 immensos·

69 984 294 1057 flammarum
312 983 439 1081 globos
456 985 647 1071 eructavit,
665 1008 905 1082 magnamque
922 1000 1062 1082 partem
1076 983 1141 1054 Ca·

68 1101 245 1176 domensis
276 1100 382 1200 burgi
417 1102 587 1174 damnose
621 1102 761 1173 invasit.
797 1101 928 1173 (linnes
956 1103 1068 1201 igitur
1096 1099 1141 1172 ad

71 1212 188 1320 iguem
206 1218 519 1317 comprimendum
535 1221 656 1294 clerici
675 1246 757 1292 cum
775 1220 872 1292 laicis
890 1235 1139 1293 cucurrerunt.

70 1338 139 1410 Soli
156 1362 245 1409 vero
259 1337 425 1410 monachi
442 1355 604 1436 coeptum
620 1338 777 1410 officium
793 1338 1086 1437 compleverunt,
1106 1352 1143 1410 et

70 1481 164 1528 soma
190 1457 246 1552 (r)
276 1457 369 1553 regis
398 1455 441 1527 ad
470 1454 711 1528 coerrobialem
739 1455 922 1528 basilicam
952 1456 1144 1555 psallentes

70 1569 326 1669 pemluxerunt.

116 1689 280 1790 Denique
290 1688 334 1761 ad
347 1690 591 1788 sepeliendum
603 1691 800 1762 maximum
813 1688 942 1763 ducem
954 1705 990 1761 et
1002 1705 1142 1787 patrem

72 1809 195 1904 patriae
226 1808 432 1907 cougregati
467 1825 551 1880 sunt
579 1828 704 1880 omrtes
737 1807 893 1906 episcopi
928 1822 965 1878 et
999 1805 1144 1878 abbates

72 1923 305 1996 Normanniae
326 1956 333 1994 :
353 1923 544 2024 exquibus
563 1925 606 1997 ad
624 1926 790 1999 notitiam
810 1941 1037 2024 posterorum
1057 1922 1145 1995 libet

72 2041 243 2142 quosdam
268 2044 475 2129 nominare,
502 2059 538 2114 et
560 2045 728 2140 proeseuti
760 2041 921 2114 breviter
948 2043 982 2112 iu
1014 2042 1143 2139 pagina

71 2157 254 2233 denotare.
284 2160 497 2232 Guillelmus
528 2161 800 2257 Rotomageusis
829 2159 1142 2257 archiepiscopus,

72 2274 148 2348 0do
176 2260 377 2376 Bajoceiasis
405 2279 613 2375 episcopus,
646 2277 867 2350 Gislebertus
892 2274 1142 2361 Ebroiceusis,

73 2391 292 2465 Gislebertus
313 2395 530 2466 Mamiuotus
553 2374 977 2482 Lexoviensis·,’utichael
1001 2390 1144 2462 Abrin-

74 2511 240 2598 oetensis,
260 2509 464 2583 Goislredus
481 2509 822 2600 constantiniensis,
841 2527 876 2581 et
895 2508 1069 2582 Girardus
1087 2509 1147 2580 Sa·

73 2628 215 2725 gieusis.
233 2626 392 2701 Abbates
405 2654 549 2729 quoque
564 2628 599 2700 hi
618 2645 703 2701 sunt
716 2659 725 2699 ε
739 2627 930 2701 Auselmus
943 2628 1144 2716 Becoensis,

39 2734 43 2743 ’
73 2742 286 2818 Guillelmus
301 2746 345 2818 de
363 2748 432 2819 llos
449 2747 715 2836 Fiscauneusis,
736 2746 934 2820 Gerbertus
954 2744 1146 2819 Fontiuel-

75 2862 199 2950 lensis,
220 2863 426 2936 Guntardus
442 2865 715 2952 Gemeticeusis,
739 2865 934 2938 Maiuerius
951 2863 1145 2951 Uticensis,

75 2979 184 3053 Fulco
196 2981 377 3066 bisensis,
395 2981 585 3053 Durautlus
600 2984 856 3071 Troarueusis,
872 2980 1078 3056 Radbertus
1094 2982 1149 3052 Sa·

76 3099 224 3197 giensis,
252 3098 434 3171 Osberuus
461 3102 723 3191 Beruaiccusis,
751 3102 926 3201 Rogerius
951 3099 996 3172 de
1022 3101 1148 3172 Monte

76 3214 193 3287 Sancti
227 3214 411 3289 Michaelis
444 3217 478 3287 iu
512 3215 674 3314 periculo
705 3219 833 3300 maris;
869 3217 1148 3313 Rotomageuses

77 3332 366 3405 archimandritae
383 3364 390 3403 :
406 3334 436 3403 N
443 3333 573 3405 icolaus
585 3331 630 3405 de
643 3333 774 3404 Sancto
788 3332 980 3415 Audoeuo,
996 3347 1032 3401 et
1044 3330 1150 3402 Gaul-

77 3451 187 3521 terius
200 3447 245 3520 dc
259 3449 384 3521 Monte
398 3450 538 3521 Sanctae
551 3449 757 3533 Trinitatis,
776 3448 884 3519 etalii
903 3447 1040 3544 plures,
1059 3472 1149 3546 quos

79 3567 292 3637 nominatim
311 3567 474 3663 proferre
492 3567 706 3664 perlongum
723 3582 789 3636 cst.
810 3564 941 3636 Omnes
959 3564 994 3636 hi
1009 3562 1052 3635 ad
1066 3590 1150 3636 exe·

79 3685 175 3782 quias
193 3684 318 3757 famosi
337 3683 482 3757 baronis
501 3698 770 3769 convenerunt,
792 3685 979 3783 ipsumque
996 3685 1030 3755 iu
1049 3707 1150 3781 pres·

80 3797 217 3897 byterio
236 3803 334 3874 iuter
351 3802 503 3876 chorum
521 3819 557 3874 et
573 3802 686 3873 altare
702 3802 933 3900 sepelierunt.

125 3920 276 4019 Expleta
302 3924 424 4011 missa,
449 3948 531 3992 cum
548 3922 622 4019 jam
640 3923 861 4021 sarcofagum
882 3922 916 3993 iu
939 3936 1032 3993 terra
1053 3919 1150 3988 loca-

85 4050 155 4110 tum
166 4055 277 4128 esset,
293 4038 352 4110 sed
367 4067 496 4137 corpus
508 4037 623 4111 adbuc
640 4040 675 4111 in
690 4041 825 4112 feretro
834 4041 985 4139 jaceret,
1001 4061 1151 4132 maguus

86 4207 405 4222 ——-—-—-——-....-.
624 4213 725 4222 ..u-n
756 4215 801 4222 —--—
823 4214 892 4221 ·-.-
917 4210 997 4218 a..--
1057 4206 1143 4214 --—-·

118 4298 153 4365 {t}
169 4298 204 4349 l.c
218 4314 309 4368 corps.
