3046 5244
227 457 266 516 76
503 457 687 518 HISTORIA
707 457 1014 520 ecetestssttcs.
1201 460 1289 540 [501]

226 615 307 688 quae
329 587 433 661 bonis
463 589 609 689 gaudia,
636 617 716 691 quoe
740 590 832 664 male
860 587 1063 663 visentibus
1089 588 1292 663 debeantur

229 722 461 781 tormenta.»

276 856 295 895 a
309 825 399 897 Cum
421 825 529 925 igitur
553 826 723 900 velociter
745 826 893 899 interire
910 828 1120 924 coepissent,
1144 842 1186 898 nt
1206 825 1290 925 ple·

228 941 307 1013 nius
323 941 416 1015 beati
436 942 502 1014 viri
519 943 686 1016 sanctitas
703 943 932 1031 claresceret,
951 941 1095 1043 quidam
1112 967 1158 1015 ex
1171 943 1290 1015 fratri-

226 1055 312 1143 bus,
342 1057 540 1131 Arisbertus
564 1061 732 1147 nomine,
755 1059 832 1132 sine
857 1059 986 1133 viatico
1008 1056 1196 1131 defunctus
1219 1075 1286 1132 est.

226 1174 351 1248 Custos
376 1192 496 1249 autem
518 1179 591 1276 ejus
615 1175 661 1249 ad
688 1175 854 1250 abbatem
885 1177 1047 1259 vestiens,
1079 1177 1161 1248 sit:
1189 1176 1285 1266 Ora,

222 1310 343 1391 pater,
375 1319 445 1392 pru
464 1293 549 1392 filio
558 1348 572 1382 ,
606 1292 708 1364 rebus
737 1293 905 1365 iunianis
932 1291 1187 1365 miserabiliter
1210 1296 1290 1377 jam

226 1433 380 1505 egresso.
406 1409 488 1481 Taa
507 1412 544 1481 ei
565 1409 740 1482 ducatum
765 1425 911 1509 praestet
935 1414 1069 1501 oratio,
1095 1410 1203 1510 cujus
1225 1415 1292 1482 iter

226 1549 300 1594 non
319 1528 471 1598 mans'vit
491 1525 665 1598 salutaris
686 1525 812 1598 hostiae
833 1529 1050 1601 communia.
1080 1525 1156 1618 Qua
1181 1523 1227 1599 de
1252 1551 1292 1599 re

228 1641 529 1716 beatusEbrulsus
540 1644 767 1744 semetipsum
780 1645 935 1717 multum
949 1646 1111 1719 incusans
1120 1646 1220 1744 qussi
1234 1669 1293 1718 ue·

228 1760 407 1860 gligenter
423 1759 609 1851 acciderit,
626 1759 669 1834 ad
688 1760 834 1835 thorum
846 1762 1001 1837 ‹lduncti
1017 1763 1133 1850 venit,
1147 1779 1185 1835 et
1198 1789 1291 1862 prse-

229 1877 437 1952 cedentibus
463 1881 626 1977 lacrymis
653 1897 783 1952 stratus
814 1882 849 1953 in
876 1880 1044 1979 pulvere,
1074 1906 1173 1952 arma
1204 1905 1289 1953 ors·

229 1998 337 2069 tionis
352 2024 434 2098 quae
450 2016 682 2073 consueverat
698 1999 864 2097 arripuit.
883 1997 1076 2097 Postquam
1090 2014 1209 2070 autem
1225 1995 1291 2071 sibi

227 2116 335 2188 sensit
351 2115 468 2189 adesse
480 2115 593 2191 divini
611 2118 742 2190 saronis
759 2115 985 2215 praesidium,
1002 2142 1150 2217 surgens
1162 2143 1182 2187 a
1196 2133 1291 2190 terra

228 2231 434 2305 inclamavit
451 2250 648 2307 mortuum.
670 2233 724 2306 Ad
736 2237 833 2334 cnjus
845 2260 969 2307 vocem
983 2235 1043 2335 qui
1061 2235 1180 2306 lumen
1196 2235 1292 2306 ami·

226 2367 340 2438 serat,
365 2368 472 2450 caput
494 2353 626 2438 erexit,
649 2369 685 2425 et
708 2354 841 2451 apertis
857 2351 988 2437 oculis,
1015 2377 1088 2424 suae
1114 2350 1291 2424 libertatis

229 2469 369 2542 intuens
385 2487 586 2558 auctorem,
605 2471 677 2542 ait:
695 2471 795 2542 Bene
812 2472 963 2557 venisti,
984 2469 1155 2541 liberator
1169 2495 1289 2557 niceas,

226 2583 314 2655 isene
338 2587 484 2657 vens‘sti.
512 2587 575 2658 Me
598 2593 748 2675 etenim,
775 2612 881 2685 quens
909 2588 1077 2657 inimicus
1104 2583 1173 2657 sibi
1200 2610 1293 2656 ven·

227 2701 417 2775 dicaverat
433 2704 545 2802 (qaia
564 2707 906 2777 incomnunn'catam
923 2706 1072 2804 reperit)
1092 2721 1156 2775 tna
1173 2702 1294 2774 salvat

226 2824 343 2893 oratio
352 2878 364 2911 ,
390 2848 473 2921 quac
493 2820 705 2895 calliditatis
724 2825 804 2923 ejas
824 2838 1041 2921 argumenta
1060 2821 1178 2892 solvit.
1205 2821 1293 2891 Pri·

227 2958 328 3012 vatas
348 2967 504 3040 mirisque
529 2942 720 3014 lieatorum
742 2943 925 3030 coavivio,
948 2944 1158 3012 sententiam
1181 2964 1293 3012 eta-

222 3084 375 3158 peram,
398 3078 520 3160 utpote
543 3087 616 3132 nan
642 3059 778 3133 liabens
800 3061 1001 3145 viaticum,
1027 3062 1153 3130 irrisere
1176 3058 1291 3146 iatns's

226 3177 447 3250 cruciandas
478 3179 671 3280 supplicio
708 3180 955 3279 Quapropter,
991 3175 1145 3276 benigne
1172 3192 1291 3274 pater,

226 3320 316 3391 rogo
340 3324 385 3369 ne
407 3296 558 3395 differas
583 3303 672 3396 quin
696 3296 871 3368 salutans
899 3295 1027 3367 hostica
1056 3320 1115 3365 nse
1138 3297 1296 3394 partiei-

223 3437 307 3510 pem
318 3414 463 3511 jacias.
483 3413 576 3506 Quid
594 3410 730 3486 multa?
748 3413 903 3487 Jubetur
923 3411 1045 3484 allerri
1063 3409 1291 3484 sacrificium.

225 3524 329 3616 Quod
364 3554 448 3600 mox
483 3545 522 3600 ut
552 3530 710 3628 accepit,
741 3526 1001 3602 admirantibus
1028 3526 1166 3600 cunctis
1194 3523 1295 3626 quod

227 3643 425 3729 revixerat,
449 3644 597 3742 provida
617 3644 879 3744 dispensatione
903 3643 964 3715 Dei
989 3667 1109 3714 sursus
1126 3641 1296 3739 spiritum

224 3757 378 3830 exlsalat.
400 3758 548 3831 Exultat
564 3760 744 3859 gloriosus
762 3761 879 3843 Pater,
899 3759 1033 3831 certior
1048 3758 1160 3831 lactus
1175 3754 1220 3828 de
1238 3783 1297 3829 ss·

225 3877 298 3947 late
319 3874 457 3961 iratris3
476 3876 639 3949 exultant
654 3876 799 3960 iratres,
820 3873 1060 3948 collaudantes
1085 3873 1198 3946 licum
1226 3900 1297 3973 pru

228 3995 385 4066 novitate
412 3994 589 4065 miraculi.
618 3993 681 4065 llle
707 3993 868 4078 loetatur,
899 3993 980 4090 quia
1006 3994 1156 4064 tratrem
1183 3992 1295 4067 morti

226 4127 388 4208 ereptum
407 4137 472 4210 per
487 4127 666 4208 acceptam
687 4109 794 4181 vitam
814 4109 896 4180 ritis
916 4109 1120 4194 remiserat3
1140 4107 1190 4181 illi
1209 4107 1297 4210 glo·

227 4229 367 4303 riantur
391 4256 426 4302 se
452 4226 582 4302 lisbism
606 4227 769 4316 Patrem,
795 4228 893 4325 cujus
916 4224 958 4298 sd
987 4250 1109 4324 preces
1135 4226 1298 4299 isilerssns
