3046 5244
229 451 385 523 [mona.
404 445 496 520 roos]
628 441 745 505 uranu
767 441 905 503 nouus.
1236 447 1300 506 sie

278 574 500 648 Raimundus
516 599 648 664 comes,
665 576 789 648 amari
806 576 980 666 militans,
997 576 1176 650 intenuit
1189 573 1302 650 intlu-

229 720 367 780 meros,
392 709 429 766 et
445 692 619 792 fugientes
635 693 679 765 ad
697 695 898 784 civitatem,
917 719 999 794 quae
1015 694 1239 795 aliquatenus
1255 693 1302 767 ab

230 813 311 908 ipsis
324 809 491 898 distabat,
508 812 696 910 insigniter
712 810 869 886 arcebat.
892 810 994 885 Unde
1008 813 1160 912 fatigati,
1179 838 1302 886 rema-

228 927 382 1018 nebant,
414 927 470 1000 rel
499 930 686 1001 confestim
716 931 871 1028 percussi
901 928 1142 1029 oppetebant,
1179 931 1233 1004 vel
1263 931 1300 1002 in

228 1069 328 1116 mare
352 1069 387 1115 se
411 1042 705 1142 praecipitabant,
725 1061 761 1118 et
777 1046 828 1119 sic
852 1046 1057 1144 praecipites
1080 1071 1099 1116 a
1121 1061 1241 1119 morte
1263 1045 1300 1117 in

227 1177 385 1233 mortem
411 1158 577 1233 ruebant.
601 1161 792 1261 Navigium
816 1161 1033 1235 Admiravisi
1057 1187 1158 1234 mare
1183 1177 1301 1235 totum

224 1277 451 1364 occuluerat,
470 1294 507 1349 et
521 1302 608 1376 gens
623 1279 682 1351 illa
697 1277 808 1351 finem
821 1277 908 1352 belli
924 1278 1146 1378 expectabat.
1166 1277 1301 1352 Viden·

226 1411 276 1466 tes
299 1412 418 1467 autem
443 1397 569 1485 aliam,
600 1423 708 1496 quam
733 1415 987 1497 speraverant,
1015 1398 1087 1470 suis
1113 1398 1303 1470 imminere

224 1514 426 1601 fortunam,
447 1513 586 1612 scaphis
603 1517 754 1588 ascensis
767 1517 844 1589 vela
864 1516 901 1589 iu
918 1531 1066 1588 rentum
1085 1513 1302 1615 obliquare-

227 1647 332 1717 runt,
360 1629 467 1702 etsie
486 1631 529 1703 ad
547 1633 701 1730 patriam
723 1634 1006 1732 remigaverunt.
1026 1634 1162 1705 Dicunt
1183 1647 1303 1705 autem

227 1748 494 1820 Admiratisum
512 1750 572 1820 vix
590 1750 827 1848 palpitantem
850 1751 921 1823 alte
945 1751 1176 1848 ingemuisse,
1199 1750 1304 1823 etsie

227 1868 430 1964 planxisse:
453 1868 485 1937 Ο
506 1875 665 1938 omnium
694 1868 861 1958 Creator,
884 1868 1050 1967 quidest
1073 1865 1174 1940 hoe?
1202 1866 1305 1965 Quid

227 1986 383 2071 occidit,
419 1985 520 2083 qrtod
537 1985 669 2082 sutum
702 1984 803 2058 nobis
835 1982 1007 2083 irpestum
1038 1983 1197 2058 nocuit?
1229 1984 1305 2055 Hei

227 2102 337 2172 nu'lu'!
370 2130 482 2200 prtum
518 2102 705 2201 ineffabile
736 2102 918 2175 dedecus!
947 2130 1060 2203 quarn
1089 2103 1301 2175 dictamum

228 2223 484 2318 improperium
506 2226 608 2320 genti
624 2238 758 2314 nostroe
781 2223 958 2321 contigit!
986 2221 1085 2293 Gens
1109 2221 1300 2310 mendica,

225 2366 316 2435 gens
335 2339 481 2411 modico
497 2341 601 2438 genti
616 2357 748 2412 nostrie
756 2341 969 2440 prceealuit.
991 2339 1097 2412 Unde
1110 2337 1203 2410 tac?
1219 2365 1304 2411 con-

228 2457 391 2524 uentione
407 2453 524 2551 sucta
535 2512 548 2543 ,
578 2454 646 2527 ltuc
675 2458 840 2530 conduxi·
867 2458 1021 2529 militum
1047 2481 1087 2528 cc
1113 2456 1231 2528 millia
1241 2511 1254 2543 ,
1270 2473 1304 2528 et

222 2573 388 2669 prditum
406 2601 475 2644 uon
489 2592 541 2646 est
553 2600 738 2662 numerus,
752 2602 841 2675 quos
850 2576 953 2646 omni
959 2574 1097 2649 mundo
1111 2573 1303 2648 credebam

223 2694 491 2790 pru‘uulitums.
511 2693 623 2764 Nunc
639 2709 780 2779 autem,
801 2708 840 2763 ut
858 2719 932 2765 non
951 2697 1119 2781 mentiar,
1140 2719 1163 2763 α
1182 2693 1304 2764 minus

228 2839 338 2908 qrrcuu
355 2813 455 2884 mille
470 2812 665 2898 militibus,
685 2829 718 2882 et
740 2837 813 2884 xxx
832 2810 1003 2913 peditum
1026 2810 1205 2897 millibus,
1229 2827 1302 2882 tam

228 2931 435 2999 iruleeeuter
451 2936 613 3030 superati
632 2947 731 3002 sunt.
754 2933 833 3002 Aut
855 2929 998 3002 illorum
1018 2929 1121 3001 Deus
1138 2933 1304 3029 orrrnipo-

230 3066 305 3117 teus
332 3064 403 3130 est,
431 3064 464 3117 et
484 3075 550 3145 pro
573 3052 624 3119 eis
642 3066 811 3145 pugnum
834 3065 899 3121 aut
921 3065 1043 3122 noster
1064 3047 1169 3120 nobis
1188 3053 1304 3120 iratus

229 3185 294 3253 est,
311 3185 344 3235 ct
361 3194 426 3236 nos
442 3168 552 3235 nimis
569 3165 851 3262 urusterosumre
866 3171 1027 3264 castigat
1044 3181 1078 3236 et
1095 3165 1300 3264 redarguit.

233 3282 428 3380 txlru‘dpuid
449 3284 513 3370 sit,
533 3309 643 3353 taurim
663 3284 743 3352 erit.
770 3289 815 3354 In
837 3308 897 3354 eos
921 3281 1043 3355 denuo
1060 3307 1134 3353 non
1158 3285 1304 3379 erigam

230 3403 295 3468 ..erl
324 3402 445 3497 potius
473 3401 527 3469 ud
548 3402 718 3499 peruium
737 3424 853 3471 meum
866 3455 876 3486 ,
896 3403 1158 3493 ignominiosus
1178 3397 1304 3471 donec

234 3521 382 3596 iurem,
402 3535 568 3588 reuertar.
586 3519 648 3588 llis
660 3515 782 3604 dictis,
800 3513 1082 3614 lacrymabiliter
1097 3538 1303 3613 conquere-

231 3636 350 3719 batur,
367 3649 402 3704 et
415 3632 460 3703 ab
479 3635 616 3705 intimis
633 3632 912 3705 lamentabatur.
933 3631 1169 3721 Ascalonitae,
1188 3646 1229 3702 ut
1245 3631 1304 3702 ri·-

229 3753 361 3822 ‹lrruut
388 3751 563 3847 fugientes
597 3751 784 3850 Agarenos
813 3749 941 3824 urbem
969 3747 1216 3849 conglobatim
1245 3751 1305 3822 in-

232 3887 339 3953 trare,
355 3885 390 3938 et
406 3866 646 3939 llaimurulum
661 3869 830 3940 comitem
842 3894 924 3939 cum
938 3869 1009 3939 suis
1020 3865 1307 3967 provincialibus

234 3988 477 4058 uulrlicieuter
495 3989 659 4086 persequi
680 4004 716 4059 et
735 4004 912 4072 mactare,
936 3986 1054 4057 valvas
1075 3987 1300 4075 clauserunt,

231 4123 262 4174 rt
292 4107 406 4176 hostes
430 4107 706 4204 auxiliariosque
727 4106 864 4204 pariter
888 4106 1131 4177 excluserunt.
1160 4103 1303 4176 llletue-

234 4225 315 4294 luut
338 4226 434 4295 enim
454 4251 497 4296 nc
516 4252 596 4298 cum
618 4223 899 4299 adminiculariis
919 4221 1146 4297 invincibiles
1166 4222 1304 4296 inimici

1326 356 1339 403 t
