3046 5244
68 420 338 498 [11⁰suu111097]
462 417 582 481 LIBER
601 418 741 483 BONUS.
1079 424 1142 487 0⁰3

67 548 204 648 gationi
217 547 445 636 satisfaciens,
459 549 601 624 Tatano
611 555 624 639 (
632 580 643 624 ι
652 550 854 651 ),.principi
864 550 1020 642 militite,
1033 576 1142 654 quern

67 663 288 740 nostratibus
303 666 477 764 praevium
493 693 577 741 cum
592 692 640 741 ιι
650 666 814 740 millibus
825 683 928 743 antea
943 670 1144 743 constitue-

66 801 142 871 rat,
172 784 320 883 aliisque
347 783 560 858 satellitibus
580 786 651 859 suis
680 786 871 885 imperarit
896 801 938 859 ut
958 810 997 861 se
1021 802 1060 861 et
1080 812 1143 860 sua

66 902 235 975 dedentes
249 903 459 999 Byrantium
479 903 675 1001 impunitos
689 902 926 992 deducerent,
944 902 1039 979 etde
1051 904 1145 979 ciri-

69 1037 138 1092 tate
155 1018 326 1093 servanda
352 1021 483 1095 curiosi
507 1022 563 1119 (a)
582 1037 834 1119 procurarent.
854 1022 962 1098 Juxta
978 1047 1145 1122 proeoep-

69 1154 144 1210 tum
168 1138 318 1236 Augusti
343 1139 463 1211 omnia
480 1139 571 1211 sacta
594 1154 696 1227 sunt,
720 1154 759 1213 et
774 1141 899 1213 civitas
915 1139 1053 1215 reddita
1069 1155 1141 1232 est,

68 1279 226 1353 gensque
246 1255 445 1327 Gentilium
467 1252 511 1327 ad
534 1252 665 1327 urbem
680 1255 949 1356 imperatoriam
965 1255 1146 1331 indemnis

68 1371 219 1444 deducta
235 1389 300 1443 est.
321 1372 441 1446 Victos
455 1373 576 1473 itaque
593 1374 793 1472 imperator
804 1400 889 1447 cum
903 1373 1146 1449 bonorificen-
1228 1408 1238 1431 ·

69 1489 116 1561 tia
133 1488 309 1560 libertatis
323 1492 495 1588 suscepit,
516 1491 727 1592 magnisque
740 1489 1003 1591 dapsilitatibus
1014 1488 1144 1567 eduea-

70 1608 139 1692 rit,
156 1623 192 1678 et
210 1606 425 1705 pauperibus
440 1606 653 1681 Christianis
676 1608 790 1683 muita
807 1607 957 1683 donaria
979 1608 1143 1684 donarit.

69 1724 221 1796 Ciuitate
239 1724 393 1812 reddita,
410 1724 604 1799 Christiani
622 1726 669 1798 ab
685 1725 874 1802 obsidione
885 1725 1068 1801 seoedunt.
1089 1725 1144 1800 lbi

70 1843 243 1914 nimirum
259 1844 363 1914 multi
378 1845 488 1931 farne,
509 1844 564 1917 rei
583 1842 722 1943 gladio,
737 1844 794 1918 vel
809 1842 1061 1946 alioquolibet
1077 1869 1145 1918 ex·

72 1959 241 2030 terminio
259 1960 392 2029 mortui
412 1968 514 2047 sunt5
530 1959 614 2060 qui,
633 1958 884 2046 uteredimus,
898 1960 992 2034 tetici
1011 1975 1145 2058 marty·

71 2076 128 2146 rio
148 2074 295 2144 laureati
314 2090 416 2164 sunt,
441 2076 614 2175 quoniam
633 2098 704 2175 pro
726 2077 880 2150 fratrum
899 2075 1147 2176 compassione

71 2217 223 2289 corpora
245 2219 303 2262 sua
321 2192 559 2267 tradiderunt.
576 2194 681 2267 Multi
699 2194 806 2267 etiam
822 2192 1023 2269 Gentilium
1038 2194 1148 2269 variis

71 2309 258 2381 eventibus
290 2310 454 2382 trucidati
485 2328 588 2400 sunt,
622 2337 780 2413 quorum
813 2311 982 2386 cadavera
1016 2312 1146 2412 passim

73 2427 255 2503 inhumata
268 2429 473 2527 jacueruut.
493 2430 563 2502 Per
575 2445 712 2529 septem
728 2428 989 2520 hebdomadas,
1004 2444 1148 2531 tresque

71 2546 144 2619 dies
161 2549 215 2644 (3)
232 2548 306 2619 ittic
320 2546 513 2620 Christiani
527 2545 704 2621 demorati
720 2565 821 2639 suut,
837 2563 875 2622 et
887 2546 1025 2623 reddita
1040 2549 1146 2637 urbe,

72 2663 199 2762 pedem
228 2666 312 2736 alins
341 2667 458 2739 tristes
482 2664 707 2741 direxerunt.
735 2664 943 2742 Poenitebat
965 2668 1063 2741 enim
1086 2690 1148 2740 eus

72 2782 192 2883 longae
206 2782 423 2872 obsidionis,
438 2782 524 2858 dum
543 2810 617 2859 non
634 2783 810 2859 dominati
824 2802 909 2859 sunt
923 2784 1027 2875 urbi,
1044 2807 1150 2861 more

107 3054 147 3123 (ι)
164 3054 204 3107 Ce
224 3070 396 3124 personnage
416 3070 451 3107 ne
468 3053 611 3126 s‘appelait
632 3072 680 3127 pas
695 3055 801 3119 Tatau,
816 3055 886 3109 tnais
897 3054 1009 3119 Tatiae,
1024 3052 1067 3108 fit·
1080 3052 1149 3109 d'uu

73 3144 198 3198 Sarrasin
213 3145 262 3196 tait
277 3145 435 3215 prisonnier
447 3162 496 3215 par
507 3145 576 3198 Jean
589 3145 744 3200 Cornndne.
758 3144 780 3199 li
791 3143 1076 3200 araite'tediesedans
1089 3143 1150 3199 i’es·

74 3235 198 3303 ciarage,
213 3246 241 3288 et
259 3254 293 3288 en
314 3237 381 3289 ‹itait
394 3236 462 3288 sorti
478 3252 528 3306 par
541 3252 568 3288 sa
583 3235 729 3291 braroure.
742 3236 843 3290 C'dtait
855 3235 881 3289 ie
893 3236 961 3289 ubet
968 3234 1018 3288 dea
1032 3234 1151 3289 officiare

75 3323 113 3376 du
128 3325 221 3394 patuis.
238 3326 287 3377 Les
307 3325 456 3378 historiens
470 3324 553 3378 latins
568 3323 618 3379 des
638 3323 791 3391 croisades,
808 3326 857 3399 qui
875 3324 953 3379 n'out
974 3323 1035 3378 rien
1054 3323 1150 3379 oubiid

76 3430 147 3484 prosu
162 3412 186 3465 ie
202 3412 303 3466 rendre
320 3411 435 3475 odiens,
456 3431 492 3465 en
511 3412 573 3465 sont
587 3429 626 3465 un
640 3413 760 3484 pertrait
772 3412 901 3467 difforme
913 3429 948 3465 au
962 3408 1049 3465 morai
1066 3421 1096 3465 et
1113 3428 1150 3467 au

75 3504 226 3575 pineique,
241 3514 269 3555 et
288 3502 454 3575 pretendeut
471 3502 538 3576 qu‘il
554 3503 626 3556 avait
644 3502 670 3556 te
687 3520 737 3556 nea
750 3504 850 3574 coupe.
863 3501 960 3557 Nares
971 3500 1079 3555 babens
1090 3518 1151 3555 aras

76 3594 141 3645 ritas
154 3596 181 3645 iu
202 3596 310 3664 tt'grtum
324 3595 425 3645 meretis
437 3610 590 3662 perversa,
605 3589 647 3645 dit
661 3590 824 3647 Gttiilaume
836 3589 873 3645 de
885 3591 954 3663 Tyr.
968 3591 1063 3658 Naso,
1077 3607 1148 3664 qm,

76 3686 182 3739 nescio.
198 3685 343 3735 occeanus
356 3680 463 3748 deciso,
484 3690 512 3734 et
525 3680 560 3734 ob
573 3679 605 3733 id
616 3689 698 3735 utens
711 3699 810 3745 aureo,
822 3680 916 3753 ajoute
929 3679 1066 3747 Guibert,
1078 3678 1151 3735 abbe
1243 3688 1248 3697 ’

76 3771 111 3824 de
127 3772 246 3839 b‘ogent.

115 3872 151 3938 a)
165 3871 204 3922 (je
219 3879 276 3921 mot
290 3879 330 3922 est
341 3869 397 3940 pris
409 3868 444 3921 ici
458 3866 526 3921 daus
537 3885 586 3922 sou
600 3884 662 3922 sens
676 3867 813 3940 primitit:
828 3867 978 3939 seigneux,
992 3864 1120 3937 diligent.

115 3955 147 4025 ¹3,
168 3960 215 4010 trs
230 3958 379 4010 historiens
392 3957 441 4010 des
455 3956 595 4013 croisades
608 3956 717 4011 varient
731 3956 877 4030 beaucoup
892 3955 1109 4010 mtattvementt
1123 3951 1149 4007 ia

77 4047 164 4101 dirrt'e
177 4048 215 4100 du
229 4050 303 4116 siege
321 4046 355 4099 de
371 4048 464 4102 Μαίη
483 4048 561 4101 Nous
575 4064 713 4121 pensons,
729 4064 794 4101 arec
812 4064 881 4101 ceux
895 4046 944 4121 qui
959 4060 1030 4099 nous
1046 4041 1150 4116 parais-

78 4147 139 4190 sent
160 4136 198 4190 lea
221 4139 313 4190 rtrirux
335 4137 482 4201 informis,
497 4134 598 4210 qu'elle
611 4135 655 4190 fut
671 4134 707 4189 de
720 4137 894 4208 trente-cinq
909 4135 990 4205 joura
1007 4128 1062 4199 (16
1079 4130 1151 4184 mai·

80 4244 113 4279 an
129 4227 217 4295 juin).
241 4226 336 4278 Pierre
351 4224 505 4280 Tudebode
528 4225 604 4298 pario
624 4225 659 4279 de
683 4236 741 4297 sept
763 4226 906 4279 semaines.
928 4222 1014 4277 Notre
1033 4230 1148 4289 auteur,
