3046 5244
445 422 561 485 LIBER
582 422 771 485 oettvtts.
1082 424 1154 488 447-

70 557 145 629 Deo
162 556 330 627 militavit
356 556 422 653 (ι).
443 556 535 646 Hie,
563 555 651 629 dum
674 553 790 629 adhuc
812 555 848 627 in
873 555 984 628 armis
1006 555 1144 633 mundo

68 674 239 758 serviret,
261 671 466 772 quondam,
487 671 575 746 dum
589 672 633 745 de
648 672 768 748 Sancti
788 670 912 745 Jacobi
930 674 1145 773 peregrina·

69 793 168 864 tione
189 789 343 878 rediret,
369 792 405 863 in
429 793 581 864 introitu
604 789 785 891 eujusdam
811 791 910 863 silrae
934 791 1031 863 solus
1061 818 1144 866 cum

67 909 249 1005 armigero
266 933 330 979 suo
356 908 538 1005 languenti
558 907 725 981 mendico
743 923 893 1006 repente
910 909 1089 994 occurrit,
1107 925 1145 982 et

67 1025 228 1124 poscenti
252 1026 380 1122 stipem
407 1051 572 1097 nummos
593 1050 685 1125 quos
704 1022 807 1096 daret
828 1023 872 1096 ad
897 1050 1045 1097 manum
1066 1050 1144 1099 non

69 1140 275 1226 hahuit;sed
284 1142 461 1238 preciosas
472 1140 765 1231 clrirothecas,alt
775 1141 887 1215 amica
898 1139 965 1213 sibi
975 1138 1142 1231 directas,

67 1255 196 1331 devote
212 1260 387 1357 porrexit.
404 1258 553 1345 Deinde,
568 1275 650 1359 post
666 1260 816 1357 longum
830 1273 985 1356 tempus,
1000 1258 1142 1333 cuidam

68 1376 238 1471 religioso
252 1378 314 1448 Dei
333 1401 451 1463 servo,
473 1392 553 1475 post
564 1376 762 1449 matutinos
776 1377 813 1448 in
829 1375 991 1449 oratorio
1002 1374 1142 1474 suppli-

69 1491 185 1577 canti,
206 1491 364 1589 angelica
391 1491 481 1564 risio
501 1493 691 1590 apparuit,
710 1491 795 1564 etei
819 1487 985 1590 quaedam
1006 1486 1142 1590 agenda

66 1608 269 1703 specialiter
288 1607 455 1704 injunxit.
475 1608 638 1708 Cumque
654 1605 853 1681 monachus
869 1604 1063 1706 diligenter
1081 1606 1142 1678 in-

66 1725 246 1823 quireret,
267 1725 364 1822 cujus
381 1725 597 1797 auctoritate
612 1724 693 1796 talia
711 1721 778 1795 sibi
798 1723 1014 1822 praeciperet
1030 1754 1039 1793 x
1054 1722 1140 1812 Ille,

69 1841 204 1940 inquit,
229 1868 286 1912 me
308 1846 404 1913 misit
424 1842 477 1913 ad
497 1858 550 1928 te,
573 1855 609 1914 et
625 1841 705 1916 hoee
723 1842 790 1913 tibi
805 1840 1011 1930 inundarit,
1034 1866 1141 1939 quem

67 1957 252 2027 Martinus
267 1978 373 2055 purte
388 1956 598 2054 chlamydis
612 1984 690 2029 suae
706 1957 864 2042 vestivit,
883 1972 917 2027 et
933 1956 997 2028 eui
1009 1955 1141 2028 Guar-

67 2077 187 2143 nerius
211 2071 433 2145 chirothecas
457 2100 548 2146 suus
572 2074 735 2145 donavit.
764 2072 891 2143 frater
917 2070 993 2144 haec
1018 2067 1139 2143 abbati

67 2189 209 2275 retulit,
236 2206 272 2261 et
296 2189 496 2263 senioribus
518 2190 666 2262 historia
683 2189 729 2262 de
746 2188 895 2262 Martini
911 2186 1021 2260 divisa
1038 2187 1140 2262 chla-

65 2307 169 2402 myde
184 2308 267 2379 satis
284 2308 431 2396 claruit,
457 2310 557 2408 cujus
574 2324 678 2407 parte
694 2305 883 2379 Ambianis
906 2304 1022 2379 adhuc
1041 2321 1141 2377 eate-

65 2423 262 2497 chumenus
276 2425 459 2498 Christum
475 2429 511 2498 in
528 2450 684 2524 paupere
700 2426 802 2497 texit.
819 2423 888 2497 Sed
901 2449 958 2496 res
970 2421 1015 2496 de
1027 2422 1141 2495 Guar-

66 2543 156 2613 nerii
176 2542 392 2616 chirothecis
409 2545 561 2617 omnino
576 2541 639 2616 diu
652 2543 770 2615 latuit.
790 2539 950 2615 Tandem
967 2541 1039 2639 ipse
1052 2542 1139 2641 qui-

64 2653 212 2729 busdam
244 2658 561 2756 percunctantibus
587 2659 801 2758 simpliciter
821 2656 958 2731 detexit
983 2656 1140 2757 qualiter

65 2774 166 2872 iuopi
185 2803 252 2872 pro
268 2802 390 2848 amore
406 2776 538 2849 Christi
556 2775 788 2865 subvenerit,
806 2792 843 2848 et
858 2773 905 2848 ab
922 2775 993 2848 illis
1010 2775 1140 2848 nihilo-

63 2892 182 2962 minus
200 2894 456 2965 revelationem
470 2892 627 2981 audivit,
644 2895 806 2994 Deoque,
820 2892 882 2993 qui
899 2891 994 2964 hona
1010 2891 1139 2964 lacien-

64 3008 159 3081 tihus
176 3036 317 3108 semper
335 3029 468 3108 praesto
485 3029 558 3100 est,
580 3014 711 3112 gratias
729 3014 816 3110 egit.

111 3127 211 3199 Circa
227 3128 302 3201 haee
320 3147 495 3226 tempora,
510 3128 729 3217 Beruardus,
745 3128 928 3221 Quinciuci
949 3124 1136 3225 abbaso),

62 3243 281 3316 Pietasiense
304 3247 420 3317 solum
442 3248 608 3346 reliquit,
632 3246 715 3345 quia
740 3246 930 3345 praelatum
954 3262 1138 3317 monaste-

63 3361 182 3445 rium,
217 3363 313 3460 (luod
347 3363 514 3435 haetenus
548 3364 705 3436 liberum
738 3364 927 3449 extiterat,
966 3361 1139 3434 Cluuiaco

61 3476 251 3576 subjugare
269 3481 403 3565 noluit;
423 3497 459 3551 et
476 3483 579 3580 quia,
601 3482 693 3553 sicut
709 3482 883 3576 scriptum
914 3494 993 3550 est:
1011 3479 1137 3549 Justus

62 3596 174 3667 ratleo
193 3599 344 3689 cordidit
363 3600 429 3695 2‘3),
448 3600 483 3670 in
503 3600 663 3671 Romana
680 3596 818 3694 syuodo
838 3612 964 3668 contra
984 3595 1136 3669 Pascha-

64 3764 262 3773 ---.---.
279 3768 580 3778 .—..-—-——.—.

99 3848 137 3912 (i,
156 3845 267 3916 lt'apris
287 3847 312 3898 lr
332 3847 486 3919 biographe
505 3849 540 3901 dr
560 3847 697 3913 llernard,
714 3847 786 3901 ablu·-
802 3848 837 3901 de
855 3848 959 3908 lirun,
978 3866 1010 3901 cr·
1027 3847 1137 3901 semita

60 3933 278 4001 Saiut-tlrpriru
292 3935 326 3985 dr
341 3935 459 3989 l'oitirrs
471 3957 526 4010 qur
539 3957 569 3992 ce
584 3938 716 4007 srigneur
729 3938 820 3991 aurait
831 3938 879 3991 fait
896 3937 1059 4007 parole-ssion.

98 4024 137 4083 ia)
156 4021 292 4079 ltrrnard,
312 4024 463 4091 originalia·
479 4025 514 4079 dr
533 4025 687 4086 l’untlrieu,
705 4026 771 4079 etait
786 4026 857 4079 atti·
873 4024 907 4077 de
924 4021 1137 4094 saint-Cyprieu

61 4110 99 4162 de
114 4111 230 4163 l'oitirrs
243 4132 276 4164 ru
296 4133 370 4167 iton,

99 4198 138 4255 'St
158 4201 245 4257 l'rnr..
263 4221 359 4259 arsut,
381 4225 401 4258 ι.
