3046 5244
84 464 244 541 [iffi-596]
468 457 584 521 ttsssstt
604 458 763 519 SEXTUS.
1106 464 1148 523 79

125 626 145 662 «ι
160 592 338 687 Quoedam
356 592 639 681 nuterssmilias,
660 618 769 692 quam
784 592 904 664 nuilus
921 592 1146 667 medicorum

82 740 201 787 sanare
219 728 380 812 poterat,
399 710 517 784 auditu
533 713 624 785 samu
641 712 818 784 virtutum
837 710 1030 785 beatissimi
1056 715 1124 786 viri
1134 768 1145 803 ‚

82 831 189 929 poscit
213 832 290 930 ejus
314 828 496 902 {imbrium
512 827 579 901 sibi
599 854 665 928 per
685 829 854 902 nuntium
870 828 1006 903 afferri.
1033 829 1148 923 Quam

81 974 158 1021 rum
175 946 376 1045 acciperet,
397 947 469 1044 ipsa
487 944 734 1020 infirmitatem
751 945 878 1032 evasit,
898 946 1008 1019 etalii
1024 972 1149 1046 quam·

82 1065 208 1163 piures.
223 1062 318 1136 Ecce
333 1060 492 1136 medicus
509 1062 713 1151 laudabilis,
733 1063 794 1162 qui
813 1087 970 1161 proesens
988 1088 1149 1162 proesen-

83 1181 171 1256 tibus
183 1181 358 1255 beneficis
376 1182 535 1254 sanitatis
554 1181 731 1280 impertit,
751 1197 788 1253 et
801 1178 929 1253 absens
942 1178 1148 1253 absentibus
1174 1168 1178 1175 ¹

83 1298 172 1373 idem
182 1297 356 1373 exhibere
365 1322 442 1371 non
453 1296 602 1371 desistit.
619 1298 788 1371 Sentiunt
798 1297 985 1385 virtutem,
1000 1299 1061 1397 qui
1075 1299 1148 1395 ejus

82 1443 149 1491 rnn
168 1440 305 1489 novere
320 1415 459 1487 sociem.
477 1445 497 1483 n

122 1531 401 1607 Confluensibus
429 1532 548 1632 itaque
577 1531 622 1604 ud
652 1557 735 1605 eum
763 1534 939 1606 universis
968 1535 1077 1606 oertis
1104 1559 1149 1607 ex

84 1648 365 1738 necessitatibus,
384 1648 529 1722 advenit
544 1650 652 1723 etiam
669 1651 841 1724 intereos
857 1676 902 1725 ex
915 1651 982 1723 uiis
1000 1651 1149 1751 regione

81 1769 224 1869 quidam
243 1768 494 1868 pauperculus.
519 1768 635 1862 Quem
655 1794 737 1842 cum
757 1770 857 1843 omni
880 1794 1034 1867 corpore
1053 1786 1148 1842 atte-

84 2005 256 2100 piissimus
282 2027 387 2077 senex
414 2020 579 2076 cerneret
605 2002 788 2088 incedere,
813 2002 905 2076 dixit
929 2033 937 2073 z
961 1999 1145 2102 Osrater‚

82 2120 258 2219 quomodo
275 2120 426 2193 valuisti
447 2120 639 2219 explicare
656 2139 794 2193 tantum
816 2121 975 2193 laborem
990 2125 1144 2209 itineris,

82 2265 158 2309 eum
185 2255 292 2311 tenta
318 2236 506 2310 debilitate
531 2237 737 2336 afficiaris?
761 2237 825 2309 Cui
856 2238 916 2311 itte
936 2269 945 2308 ε
969 2238 1145 2327 Gemina,

84 2356 214 2455 inquit,
231 2356 443 2429 necessitate
459 2354 686 2454 compulsus,
708 2372 828 2443 tuam,
852 2355 1024 2442 Domine,
1040 2382 1147 2426 sunc-

80 2478 212 2545 titutem
249 2473 391 2547 decrevi
422 2473 527 2545 adire
559 2503 568 2544 .·
597 2473 767 2545 uidelicet
798 2488 837 2543 ut
868 2488 902 2543 et
925 2471 1146 2572 jumelicum

79 2596 205 2680 seties,
233 2606 267 2662 et
290 2589 477 2662 mediceris
501 2590 682 2690 infinitum
703 2605 975 2688 potestateque
993 2614 1148 2689 proeva-

80 2708 139 2779 les.
172 2707 290 2801 Quem
319 2734 403 2780 cum
434 2706 483 2779 ibi
514 2706 669 2781 residere
693 2706 856 2807 juberet,
886 2707 1061 2780 continuo
1087 2732 1148 2778 sa-

81 2853 163 2899 irum
176 2823 353 2915 reddidit,
372 2843 409 2899 et
424 2826 555 2899 iaciens
569 2825 805 2915 monachum,
827 2824 1060 2900 hortolanum
1073 2850 1146 2899 esse

79 2946 258 3042 praecepit.
286 2946 407 3044 ltaque
430 2946 491 3045 qui
518 2943 591 3017 duo
615 2946 792 3042 petiturus
811 2943 1022 3032 advenerat,
1049 2945 1148 3015 trino

78 3088 225 3135 munere
247 3087 282 3133 se
304 3062 430 3135 donari
456 3064 594 3162 gavisus
616 3079 680 3133 est.
710 3062 826 3134 Famis
849 3064 966 3162 itaque
990 3060 1147 3160 effugato

77 3180 257 3276 periculo,
286 3181 541 3253 incolumitatis
563 3181 702 3253 invenit
725 3181 942 3266 remedium,
962 3197 998 3253 et
1018 3205 1146 3252 emen-

76 3298 224 3371 ‹btioris
242 3300 325 3370 vitae
342 3297 489 3398 adeptus
507 3316 559 3371 est
578 3300 813 3397 propositum.

125 3448 143 3483 e
164 3415 267 3488 Alius
283 3443 426 3516 quoque
443 3444 591 3515 pauper,
606 3444 688 3490 cum
707 3417 896 3490 incolumis
907 3418 1080 3505 venisset,
1096 3417 1148 3487 si·

77 3532 227 3603 mutavit
243 3557 279 3604 se
296 3550 474 3631 {egrotum
496 3551 533 3606 et
556 3534 655 3633 quasi
682 3550 929 3620 contractum,
950 3549 990 3604 ut
1012 3530 1146 3632 aliquid

77 3648 228 3746 amplius
248 3650 342 3722 inter
359 3651 444 3722 alios
461 3652 652 3749 acciperet.
677 3648 746 3723 Sed
763 3676 849 3722 mox
870 3667 910 3721 ut
930 3648 975 3721 ab
1002 3648 1148 3722 homine

80 3765 141 3837 Dei
158 3766 417 3864 eleemosynam
434 3771 606 3868 suscepit,
627 3768 726 3842 febre
744 3795 933 3842 concussus
954 3786 1024 3854 est,
1050 3766 1147 3868 quod

82 3883 231 3956 tinxerat
251 3888 383 3958 certius
404 3889 435 3959 ei
459 3889 711 3987 contingente;
737 3888 985 3987 consessusque
1011 3888 1047 3959 in
1071 3887 1147 3984 ipso

82 4005 295 4077 monasterio
306 4030 378 4076 suae
392 4008 576 4104 pravitatis
590 4008 799 4095 consilium,
816 4007 907 4079 infra
925 4031 1055 4104 paucos
1073 4002 1147 4073 dies

85 4119 194 4191 emisit
210 4123 391 4220 spiritum.
414 4156 430 4188 n

131 4237 226 4311 inter
241 4236 319 4311 haec
335 4239 443 4337 igitur
459 4244 635 4314 virtutum
652 4243 817 4342 insignia,
830 4267 913 4312 cum
927 4242 1001 4338 jum
1014 4237 1145 4310 Christi
