<?xml version="1.0" encoding="UTF-8"?>
<!DOCTYPE html PUBLIC "-//W3C//DTD XHTML 1.0 Transitional//EN"
    "http://www.w3.org/TR/xhtml1/DTD/xhtml1-transitional.dtd">
<html xmlns="http://www.w3.org/1999/xhtml" xml:lang="en" lang="en">
 <head>
  <title>
</title>
<meta http-equiv="Content-Type" content="text/html;charset=utf-8" />
  <meta name='ocr-system' content='tesseract 3.04.00' />
  <meta name='ocr-capabilities' content='ocr_page ocr_carea ocr_par ocr_line ocrx_word'/>
</head>
<body>
  <div class='ocr_page' id='page_1' title='image "./ordericivitalis00deligoog_0583.png"; bbox 0 0 3016 5242; ppageno 0'>
   <div class='ocr_carea' id='block_1_1' title="bbox 226 404 1301 490">
    <p class='ocr_par' dir='ltr' id='par_1_1' title="bbox 226 404 1301 490">
     <span class='ocr_line' id='line_1_1' title="bbox 226 404 1301 490; baseline -0.002 -19"><span class='ocrx_word' id='word_1_1' title='bbox 226 410 286 473; x_wconf 84' lang='lat'>568</span> <span class='ocrx_word' id='word_1_2' title='bbox 501 406 686 467; x_wconf 80' lang='lat' dir='ltr'>utstottta</span> <span class='ocrx_word' id='word_1_3' title='bbox 708 404 1017 467; x_wconf 73' lang='lat' dir='ltr'>Ecctsssttsttct.</span> <span class='ocrx_word' id='word_1_4' title='bbox 1035 410 1193 485; x_wconf 69' lang='lat' dir='ltr'>[aurumne</span> <span class='ocrx_word' id='word_1_5' title='bbox 1207 410 1301 490; x_wconf 80' lang='lat'><strong>1097]</strong></span> 
     </span>
    </p>
   </div>
   <div class='ocr_carea' id='block_1_2' title="bbox 143 536 1302 4283">
    <p class='ocr_par' dir='ltr' id='par_1_2' title="bbox 143 536 1302 4283">
     <span class='ocr_line' id='line_1_2' title="bbox 223 536 1300 638; baseline -0.001 -26"><span class='ocrx_word' id='word_1_6' title='bbox 223 541 358 638; x_wconf 77' lang='lat' dir='ltr'><em>egregii</em></span> <span class='ocrx_word' id='word_1_7' title='bbox 373 539 538 628; x_wconf 85' lang='lat' dir='ltr'>sodales,</span> <span class='ocrx_word' id='word_1_8' title='bbox 556 542 664 611; x_wconf 88' lang='lat' dir='ltr'>immo</span> <span class='ocrx_word' id='word_1_9' title='bbox 679 555 813 612; x_wconf 87' lang='lat' dir='ltr'>totores</span> <span class='ocrx_word' id='word_1_10' title='bbox 827 536 959 611; x_wconf 73' lang='lat' dir='ltr'>leonori</span> <span class='ocrx_word' id='word_1_11' title='bbox 970 564 1025 612; x_wconf 78' lang='lat' dir='ltr'>ree</span> <span class='ocrx_word' id='word_1_12' title='bbox 1042 538 1300 613; x_wconf 84' lang='lat' dir='ltr'>concilientur.</span> 
     </span>
     <span class='ocr_line' id='line_1_3' title="bbox 221 654 1299 745; baseline 0.001 -16"><span class='ocrx_word' id='word_1_13' title='bbox 221 659 394 743; x_wconf 84' lang='lat' dir='ltr'><strong>Interim,</strong></span> <span class='ocrx_word' id='word_1_14' title='bbox 415 656 502 729; x_wconf 90' lang='lat' dir='ltr'>dum</span> <span class='ocrx_word' id='word_1_15' title='bbox 519 654 651 728; x_wconf 88' lang='lat' dir='ltr'>Tobias</span> <span class='ocrx_word' id='word_1_16' title='bbox 668 655 744 727; x_wconf 85' lang='lat' dir='ltr'>haec</span> <span class='ocrx_word' id='word_1_17' title='bbox 763 655 903 729; x_wconf 85' lang='lat' dir='ltr'>locutus</span> <span class='ocrx_word' id='word_1_18' title='bbox 925 671 999 745; x_wconf 90' lang='lat' dir='ltr'>est,</span> <span class='ocrx_word' id='word_1_19' title='bbox 1025 672 1149 729; x_wconf 86' lang='lat' dir='ltr'>turma</span> <span class='ocrx_word' id='word_1_20' title='bbox 1166 656 1299 731; x_wconf 86' lang='lat' dir='ltr'>civium</span> 
     </span>
     <span class='ocr_line' id='line_1_4' title="bbox 221 773 1300 874; baseline 0 -26"><span class='ocrx_word' id='word_1_21' title='bbox 221 776 393 874; x_wconf 86' lang='lat' dir='ltr'>palatium</span> <span class='ocrx_word' id='word_1_22' title='bbox 418 802 500 847; x_wconf 91' lang='lat' dir='ltr'>cum</span> <span class='ocrx_word' id='word_1_23' title='bbox 517 774 660 846; x_wconf 89' lang='lat' dir='ltr'>silentio</span> <span class='ocrx_word' id='word_1_24' title='bbox 687 788 789 846; x_wconf 88' lang='lat' dir='ltr'>caute</span> <span class='ocrx_word' id='word_1_25' title='bbox 812 775 969 872; x_wconf 90' lang='lat' dir='ltr'>ingressa</span> <span class='ocrx_word' id='word_1_26' title='bbox 991 790 1057 847; x_wconf 89' lang='lat' dir='ltr'>est.</span> <span class='ocrx_word' id='word_1_27' title='bbox 1082 773 1300 873; x_wconf 82' lang='lat' dir='ltr'>Prophanus</span> 
     </span>
     <span class='ocr_line' id='line_1_5' title="bbox 220 890 1296 992; baseline 0 -27"><span class='ocrx_word' id='word_1_28' title='bbox 220 909 339 968; x_wconf 90' lang='lat' dir='ltr'>autem</span> <span class='ocrx_word' id='word_1_29' title='bbox 366 892 453 967; x_wconf 89' lang='lat' dir='ltr'>scita</span> <span class='ocrx_word' id='word_1_30' title='bbox 480 917 605 991; x_wconf 80' lang='lat' dir='ltr'>pacem</span> <span class='ocrx_word' id='word_1_31' title='bbox 622 891 864 990; x_wconf 69' lang='lat' dir='ltr'>‹puaerentium</span> <span class='ocrx_word' id='word_1_32' title='bbox 880 907 1096 991; x_wconf 82' lang='lat' dir='ltr'>arroganter</span> <span class='ocrx_word' id='word_1_33' title='bbox 1114 890 1296 992; x_wconf 82' lang='lat' dir='ltr'>despexit,</span> 
     </span>
     <span class='ocr_line' id='line_1_6' title="bbox 220 1008 1298 1111; baseline 0.001 -29"><span class='ocrx_word' id='word_1_34' title='bbox 220 1036 364 1111; x_wconf 90' lang='lat' dir='ltr'>seseque</span> <span class='ocrx_word' id='word_1_35' title='bbox 376 1009 592 1083; x_wconf 87' lang='lat' dir='ltr'>traditorum</span> <span class='ocrx_word' id='word_1_36' title='bbox 602 1008 826 1083; x_wconf 73' lang='lat' dir='ltr'>defensorem</span> <span class='ocrx_word' id='word_1_37' title='bbox 838 1024 874 1080; x_wconf 89' lang='lat' dir='ltr'>et</span> <span class='ocrx_word' id='word_1_38' title='bbox 887 1025 1167 1108; x_wconf 83' lang='lat' dir='ltr'>cooperatorem</span> <span class='ocrx_word' id='word_1_39' title='bbox 1177 1010 1298 1108; x_wconf 91' lang='lat' dir='ltr'>palam</span> 
     </span>
     <span class='ocr_line' id='line_1_7' title="bbox 220 1126 1295 1225; baseline -0.001 -24"><span class='ocrx_word' id='word_1_40' title='bbox 220 1128 389 1202; x_wconf 84' lang='lat' dir='ltr'>ostendit.</span> <span class='ocrx_word' id='word_1_41' title='bbox 408 1127 514 1201; x_wconf 83' lang='lat' dir='ltr'>Unde</span> <span class='ocrx_word' id='word_1_42' title='bbox 528 1129 609 1199; x_wconf 89' lang='lat' dir='ltr'>irati</span> <span class='ocrx_word' id='word_1_43' title='bbox 630 1128 723 1199; x_wconf 88' lang='lat' dir='ltr'>cives</span> <span class='ocrx_word' id='word_1_44' title='bbox 740 1127 908 1225; x_wconf 89' lang='lat' dir='ltr'>protinus</span> <span class='ocrx_word' id='word_1_45' title='bbox 923 1127 960 1199; x_wconf 92' lang='lat' dir='ltr'>in</span> <span class='ocrx_word' id='word_1_46' title='bbox 980 1152 1064 1200; x_wconf 90' lang='lat' dir='ltr'>eum</span> <span class='ocrx_word' id='word_1_47' title='bbox 1079 1126 1295 1217; x_wconf 88' lang='lat' dir='ltr'>irruerunt,</span> 
     </span>
     <span class='ocr_line' id='line_1_8' title="bbox 218 1242 1300 1343; baseline 0 -24"><span class='ocrx_word' id='word_1_48' title='bbox 218 1262 254 1319; x_wconf 91' lang='lat' dir='ltr'>et</span> <span class='ocrx_word' id='word_1_49' title='bbox 271 1247 515 1319; x_wconf 82' lang='lat' dir='ltr'>irreverenter</span> <span class='ocrx_word' id='word_1_50' title='bbox 526 1261 633 1343; x_wconf 90' lang='lat' dir='ltr'>caput</span> <span class='ocrx_word' id='word_1_51' title='bbox 648 1247 721 1343; x_wconf 90' lang='lat' dir='ltr'>ejus</span> <span class='ocrx_word' id='word_1_52' title='bbox 737 1260 1027 1342; x_wconf 84' lang='lat' dir='ltr'>amputaverunt.</span> <span class='ocrx_word' id='word_1_53' title='bbox 1043 1245 1152 1319; x_wconf 90' lang='lat' dir='ltr'>Tunc</span> <span class='ocrx_word' id='word_1_54' title='bbox 1165 1242 1300 1319; x_wconf 86' lang='lat' dir='ltr'>Tobias</span> 
     </span>
     <span class='ocr_line' id='line_1_9' title="bbox 219 1360 1302 1462; baseline 0.001 -25"><span class='ocrx_word' id='word_1_55' title='bbox 219 1381 327 1462; x_wconf 90' lang='lat' dir='ltr'>caput</span> <span class='ocrx_word' id='word_1_56' title='bbox 342 1362 518 1436; x_wconf 89' lang='lat' dir='ltr'>abscisum</span> <span class='ocrx_word' id='word_1_57' title='bbox 535 1363 693 1461; x_wconf 88' lang='lat' dir='ltr'>accepit,</span> <span class='ocrx_word' id='word_1_58' title='bbox 710 1362 907 1461; x_wconf 84' lang='lat' dir='ltr'>vicinisque</span> <span class='ocrx_word' id='word_1_59' title='bbox 929 1360 1068 1436; x_wconf 83' lang='lat' dir='ltr'>civibus</span> <span class='ocrx_word' id='word_1_60' title='bbox 1079 1360 1178 1435; x_wconf 86' lang='lat' dir='ltr'>dixit</span> <span class='ocrx_word' id='word_1_61' title='bbox 1193 1392 1204 1434; x_wconf 75' lang='grc' dir='ltr'><strong><em>ε</em></strong></span> <span class='ocrx_word' id='word_1_62' title='bbox 1222 1364 1302 1438; x_wconf 86' lang='lat' dir='ltr'>Hoc</span> 
     </span>
     <span class='ocr_line' id='line_1_10' title="bbox 215 1478 1297 1580; baseline 0.001 -27"><span class='ocrx_word' id='word_1_63' title='bbox 215 1483 414 1580; x_wconf 85' lang='lat' dir='ltr'>palatium,</span> <span class='ocrx_word' id='word_1_64' title='bbox 436 1508 520 1552; x_wconf 85' lang='lat' dir='ltr'>curn</span> <span class='ocrx_word' id='word_1_65' title='bbox 543 1480 713 1552; x_wconf 86' lang='lat' dir='ltr'>omnibus·</span> <span class='ocrx_word' id='word_1_66' title='bbox 735 1478 859 1570; x_wconf 86' lang='lat' dir='ltr'>rebus,</span> <span class='ocrx_word' id='word_1_67' title='bbox 879 1506 963 1579; x_wconf 77' lang='lat' dir='ltr'>quae</span> <span class='ocrx_word' id='word_1_68' title='bbox 979 1485 1078 1553; x_wconf 87' lang='lat' dir='ltr'>intus</span> <span class='ocrx_word' id='word_1_69' title='bbox 1099 1479 1297 1573; x_wconf 78' lang='lat' dir='ltr'>habentur,</span> 
     </span>
     <span class='ocr_line' id='line_1_11' title="bbox 143 1597 1300 1694; baseline 0.002 -24"><span class='ocrx_word' id='word_1_70' title='bbox 143 1673 148 1686; x_wconf 62' lang='grc'><strong>,</strong></span> <span class='ocrx_word' id='word_1_71' title='bbox 219 1600 379 1672; x_wconf 69' lang='lat' dir='ltr'>illaesum</span> <span class='ocrx_word' id='word_1_72' title='bbox 393 1598 586 1687; x_wconf 83' lang='lat' dir='ltr'>custodite,</span> <span class='ocrx_word' id='word_1_73' title='bbox 601 1613 635 1669; x_wconf 87' lang='lat' dir='ltr'>et</span> <span class='ocrx_word' id='word_1_74' title='bbox 648 1623 713 1694; x_wconf 87' lang='lat' dir='ltr'>ego</span> <span class='ocrx_word' id='word_1_75' title='bbox 725 1624 808 1669; x_wconf 86' lang='lat' dir='ltr'>eum</span> <span class='ocrx_word' id='word_1_76' title='bbox 821 1597 1011 1669; x_wconf 81' lang='lat' dir='ltr'>sodalibus</span> <span class='ocrx_word' id='word_1_77' title='bbox 1024 1597 1117 1669; x_wconf 88' lang='lat' dir='ltr'>meis</span> <span class='ocrx_word' id='word_1_78' title='bbox 1128 1598 1300 1672; x_wconf 80' lang='lat' dir='ltr'>Francos</span> 
     </span>
     <span class='ocr_line' id='line_1_12' title="bbox 219 1712 1301 1815; baseline -0.002 -26"><span class='ocrx_word' id='word_1_79' title='bbox 219 1717 408 1791; x_wconf 83' lang='lat' dir='ltr'>adducam</span> <span class='ocrx_word' id='word_1_80' title='bbox 438 1743 520 1788; x_wconf 88' lang='lat' dir='ltr'>eum</span> <span class='ocrx_word' id='word_1_81' title='bbox 550 1714 696 1815; x_wconf 85' lang='lat' dir='ltr'>gaudio</span> <span class='ocrx_word' id='word_1_82' title='bbox 727 1730 762 1785; x_wconf 89' lang='lat' dir='ltr'>et</span> <span class='ocrx_word' id='word_1_83' title='bbox 785 1741 894 1815; x_wconf 82' lang='lat' dir='ltr'>paee.</span> <span class='ocrx_word' id='word_1_84' title='bbox 923 1714 986 1787; x_wconf 88' lang='lat' dir='ltr'>His</span> <span class='ocrx_word' id='word_1_85' title='bbox 1010 1712 1140 1803; x_wconf 88' lang='lat' dir='ltr'>dictis,</span> <span class='ocrx_word' id='word_1_86' title='bbox 1169 1714 1301 1789; x_wconf 75' lang='lat' dir='ltr'>Tobiae</span> 
     </span>
     <span class='ocr_line' id='line_1_13' title="bbox 217 1830 1298 1932; baseline 0 -27"><span class='ocrx_word' id='word_1_87' title='bbox 217 1857 376 1932; x_wconf 88' lang='lat' dir='ltr'>egressus</span> <span class='ocrx_word' id='word_1_88' title='bbox 407 1847 479 1920; x_wconf 89' lang='lat' dir='ltr'>est,</span> <span class='ocrx_word' id='word_1_89' title='bbox 513 1847 551 1904; x_wconf 91' lang='lat' dir='ltr'>et</span> <span class='ocrx_word' id='word_1_90' title='bbox 579 1831 741 1904; x_wconf 89' lang='lat' dir='ltr'>salutatis</span> <span class='ocrx_word' id='word_1_91' title='bbox 774 1830 920 1904; x_wconf 87' lang='lat' dir='ltr'>Francis</span> <span class='ocrx_word' id='word_1_92' title='bbox 952 1832 1001 1904; x_wconf 87' lang='lat' dir='ltr'>ita</span> <span class='ocrx_word' id='word_1_93' title='bbox 1034 1831 1183 1905; x_wconf 89' lang='lat' dir='ltr'>locutus</span> <span class='ocrx_word' id='word_1_94' title='bbox 1218 1848 1298 1905; x_wconf 84' lang='lat' dir='ltr'>est:</span> 
     </span>
     <span class='ocr_line' id='line_1_14' title="bbox 222 1943 1299 2047; baseline 0.002 -28"><span class='ocrx_word' id='word_1_95' title='bbox 222 1948 515 2038; x_wconf 80' lang='lat' dir='ltr'>Edesseniciees,</span> <span class='ocrx_word' id='word_1_96' title='bbox 528 1943 1299 2047; x_wconf 83' lang='lat' dir='ltr'>deinjuriauobisfucteoeldemoerentes,</span> 
     </span>
     <span class='ocr_line' id='line_1_15' title="bbox 221 2064 1302 2166; baseline 0.003 -28"><span class='ocrx_word' id='word_1_97' title='bbox 221 2064 478 2138; x_wconf 78' lang='lat' dir='ltr'>rectitudinem</span> <span class='ocrx_word' id='word_1_98' title='bbox 490 2091 515 2134; x_wconf 83' lang='lat' dir='ltr'>a</span> <span class='ocrx_word' id='word_1_99' title='bbox 529 2064 622 2137; x_wconf 86' lang='lat' dir='ltr'>duee</span> <span class='ocrx_word' id='word_1_100' title='bbox 633 2064 923 2166; x_wconf 76' lang='lat' dir='ltr'>postulaverunt.</span> <span class='ocrx_word' id='word_1_101' title='bbox 939 2064 1018 2138; x_wconf 86' lang='lat' dir='ltr'>Sed</span> <span class='ocrx_word' id='word_1_102' title='bbox 1029 2067 1127 2165; x_wconf 86' lang='lat' dir='ltr'>quia</span> <span class='ocrx_word' id='word_1_103' title='bbox 1141 2065 1209 2139; x_wconf 86' lang='lat' dir='ltr'>ille</span> <span class='ocrx_word' id='word_1_104' title='bbox 1221 2094 1302 2141; x_wconf 73' lang='lat' dir='ltr'>une</span> 
     </span>
     <span class='ocr_line' id='line_1_16' title="bbox 223 2178 1302 2285; baseline 0.003 -32"><span class='ocrx_word' id='word_1_105' title='bbox 223 2200 332 2254; x_wconf 89' lang='lat' dir='ltr'>torem</span> <span class='ocrx_word' id='word_1_106' title='bbox 350 2210 389 2254; x_wconf 87' lang='lat' dir='ltr'>se</span> <span class='ocrx_word' id='word_1_107' title='bbox 403 2182 623 2281; x_wconf 87' lang='lat' dir='ltr'>proditionis</span> <span class='ocrx_word' id='word_1_108' title='bbox 626 2178 754 2279; x_wconf 79' lang='lat' dir='ltr'>fin&#39;sse</span> <span class='ocrx_word' id='word_1_109' title='bbox 771 2180 929 2273; x_wconf 79' lang='lat' dir='ltr'>detexit,</span> <span class='ocrx_word' id='word_1_110' title='bbox 949 2199 1063 2284; x_wconf 86' lang='lat' dir='ltr'>caput</span> <span class='ocrx_word' id='word_1_111' title='bbox 1081 2182 1193 2257; x_wconf 87' lang='lat' dir='ltr'>illius</span> <span class='ocrx_word' id='word_1_112' title='bbox 1204 2210 1302 2285; x_wconf 87' lang='lat' dir='ltr'>proe·</span> 
     </span>
     <span class='ocr_line' id='line_1_17' title="bbox 223 2299 1302 2403; baseline 0 -32"><span class='ocrx_word' id='word_1_113' title='bbox 223 2315 431 2373; x_wconf 82' lang='lat' dir='ltr'>secuerunt.</span> <span class='ocrx_word' id='word_1_114' title='bbox 458 2299 510 2370; x_wconf 89' lang='lat' dir='ltr'>Et</span> <span class='ocrx_word' id='word_1_115' title='bbox 534 2324 618 2371; x_wconf 86' lang='lat' dir='ltr'>eece</span> <span class='ocrx_word' id='word_1_116' title='bbox 638 2314 751 2398; x_wconf 85' lang='lat' dir='ltr'>caput</span> <span class='ocrx_word' id='word_1_117' title='bbox 773 2299 914 2372; x_wconf 84' lang='lat' dir='ltr'>inimici</span> <span class='ocrx_word' id='word_1_118' title='bbox 938 2299 1010 2371; x_wconf 89' lang='lat' dir='ltr'>Dei</span> <span class='ocrx_word' id='word_1_119' title='bbox 1030 2316 1065 2371; x_wconf 90' lang='lat' dir='ltr'>et</span> <span class='ocrx_word' id='word_1_120' title='bbox 1080 2303 1223 2391; x_wconf 80' lang='lat' dir='ltr'>vestri,</span> <span class='ocrx_word' id='word_1_121' title='bbox 1239 2326 1302 2403; x_wconf 86' lang='lat' dir='ltr'>per</span> 
     </span>
     <span class='ocr_line' id='line_1_18' title="bbox 188 2412 1301 2516; baseline 0.002 -29"><span class='ocrx_word' id='word_1_122' title='bbox 188 2434 193 2441; x_wconf 93' lang='grc'><strong><em>’</em></strong></span> <span class='ocrx_word' id='word_1_123' title='bbox 224 2444 306 2507; x_wconf 89' lang='lat' dir='ltr'>nos,</span> <span class='ocrx_word' id='word_1_124' title='bbox 323 2415 424 2488; x_wconf 82' lang='lat' dir='ltr'>volis</span> <span class='ocrx_word' id='word_1_125' title='bbox 436 2417 623 2488; x_wconf 87' lang='lat' dir='ltr'>miserunt.</span> <span class='ocrx_word' id='word_1_126' title='bbox 640 2413 787 2487; x_wconf 87' lang='lat' dir='ltr'>Cunctis</span> <span class='ocrx_word' id='word_1_127' title='bbox 804 2414 888 2489; x_wconf 86' lang='lat' dir='ltr'>inde</span> <span class='ocrx_word' id='word_1_128' title='bbox 904 2412 1301 2516; x_wconf 81' lang='lat' dir='ltr'>gaudentibus,Tobias</span> 
     </span>
     <span class='ocr_line' id='line_1_19' title="bbox 226 2532 1300 2636; baseline 0.002 -31"><span class='ocrx_word' id='word_1_129' title='bbox 226 2532 354 2635; x_wconf 86' lang='lat' dir='ltr'>adjecit</span> <span class='ocrx_word' id='word_1_130' title='bbox 376 2565 384 2604; x_wconf 90' lang='lat'>:</span> <span class='ocrx_word' id='word_1_131' title='bbox 407 2534 525 2623; x_wconf 81' lang='lat' dir='ltr'>Veni,</span> <span class='ocrx_word' id='word_1_132' title='bbox 541 2533 645 2606; x_wconf 88' lang='lat' dir='ltr'>miles</span> <span class='ocrx_word' id='word_1_133' title='bbox 661 2535 825 2632; x_wconf 81' lang='lat' dir='ltr'>egregie,</span> <span class='ocrx_word' id='word_1_134' title='bbox 847 2550 881 2605; x_wconf 89' lang='lat' dir='ltr'>et</span> <span class='ocrx_word' id='word_1_135' title='bbox 883 2533 1008 2636; x_wconf 84' lang='lat' dir='ltr'>filiam</span> <span class='ocrx_word' id='word_1_136' title='bbox 1026 2532 1140 2609; x_wconf 85' lang='lat' dir='ltr'>ducis</span> <span class='ocrx_word' id='word_1_137' title='bbox 1157 2539 1200 2609; x_wconf 85' lang='lat' dir='ltr'>in</span> <span class='ocrx_word' id='word_1_138' title='bbox 1218 2562 1300 2610; x_wconf 88' lang='lat' dir='ltr'>eon-</span> 
     </span>
     <span class='ocr_line' id='line_1_20' title="bbox 219 2650 1301 2753; baseline 0.002 -29"><span class='ocrx_word' id='word_1_139' title='bbox 219 2655 352 2753; x_wconf 84' lang='lat' dir='ltr'>jugem</span> <span class='ocrx_word' id='word_1_140' title='bbox 377 2655 517 2753; x_wconf 74' lang='lat' dir='ltr'>accipre.</span> <span class='ocrx_word' id='word_1_141' title='bbox 539 2653 633 2723; x_wconf 82' lang='lat' dir='ltr'>Esto</span> <span class='ocrx_word' id='word_1_142' title='bbox 651 2653 823 2751; x_wconf 83' lang='lat' dir='ltr'>princeps</span> <span class='ocrx_word' id='word_1_143' title='bbox 846 2666 980 2741; x_wconf 88' lang='lat' dir='ltr'>noster,</span> <span class='ocrx_word' id='word_1_144' title='bbox 1009 2668 1045 2723; x_wconf 88' lang='lat' dir='ltr'>et</span> <span class='ocrx_word' id='word_1_145' title='bbox 1066 2650 1301 2726; x_wconf 82' lang='lat' dir='ltr'>Edessenum</span> 
     </span>
     <span class='ocr_line' id='line_1_21' title="bbox 227 2764 1301 2870; baseline 0.003 -29"><span class='ocrx_word' id='word_1_146' title='bbox 227 2768 404 2841; x_wconf 84' lang='lat' dir='ltr'>ducatum</span> <span class='ocrx_word' id='word_1_147' title='bbox 426 2768 576 2868; x_wconf 80' lang='lat' dir='ltr'>posside</span> <span class='ocrx_word' id='word_1_148' title='bbox 596 2772 817 2869; x_wconf 76' lang='lat' dir='ltr'>perenniter.</span> <span class='ocrx_word' id='word_1_149' title='bbox 845 2764 1040 2841; x_wconf 86' lang='lat' dir='ltr'>Balduinus</span> <span class='ocrx_word' id='word_1_150' title='bbox 1065 2767 1194 2870; x_wconf 84' lang='lat' dir='ltr'>itaque</span> <span class='ocrx_word' id='word_1_151' title='bbox 1224 2795 1301 2843; x_wconf 86' lang='lat' dir='ltr'>cnm</span> 
     </span>
     <span class='ocr_line' id='line_1_22' title="bbox 225 2884 1302 2988; baseline 0.006 -31"><span class='ocrx_word' id='word_1_152' title='bbox 225 2886 296 2958; x_wconf 88' lang='lat' dir='ltr'>suis</span> <span class='ocrx_word' id='word_1_153' title='bbox 326 2884 526 2985; x_wconf 87' lang='lat' dir='ltr'>tripudians</span> <span class='ocrx_word' id='word_1_154' title='bbox 557 2884 686 2956; x_wconf 92' lang='lat' dir='ltr'>urbem</span> <span class='ocrx_word' id='word_1_155' title='bbox 713 2886 891 2984; x_wconf 90' lang='lat' dir='ltr'>ingressus</span> <span class='ocrx_word' id='word_1_156' title='bbox 919 2902 995 2976; x_wconf 86' lang='lat' dir='ltr'>est,</span> <span class='ocrx_word' id='word_1_157' title='bbox 1028 2902 1066 2959; x_wconf 90' lang='lat' dir='ltr'>et</span> <span class='ocrx_word' id='word_1_158' title='bbox 1100 2887 1142 2961; x_wconf 90' lang='lat' dir='ltr'>in</span> <span class='ocrx_word' id='word_1_159' title='bbox 1170 2888 1302 2988; x_wconf 87' lang='lat' dir='ltr'>palatio</span> 
     </span>
     <span class='ocr_line' id='line_1_23' title="bbox 225 2999 1302 3107; baseline 0.006 -33"><span class='ocrx_word' id='word_1_160' title='bbox 225 3002 417 3101; x_wconf 83' lang='lat' dir='ltr'>principaii</span> <span class='ocrx_word' id='word_1_161' title='bbox 436 3029 456 3072; x_wconf 89' lang='lat' dir='ltr'>a</span> <span class='ocrx_word' id='word_1_162' title='bbox 474 3003 611 3074; x_wconf 89' lang='lat' dir='ltr'>cunctis</span> <span class='ocrx_word' id='word_1_163' title='bbox 630 2999 767 3074; x_wconf 78' lang='lat' dir='ltr'>civibus</span> <span class='ocrx_word' id='word_1_164' title='bbox 784 3002 887 3077; x_wconf 87' lang='lat' dir='ltr'>valde</span> <span class='ocrx_word' id='word_1_165' title='bbox 900 3001 1143 3105; x_wconf 85' lang='lat' dir='ltr'>gaudentibus</span> <span class='ocrx_word' id='word_1_166' title='bbox 1156 3032 1302 3107; x_wconf 56' lang='lat' dir='ltr'>stascepa</span> 
     </span>
     <span class='ocr_line' id='line_1_24' title="bbox 227 3119 1302 3224; baseline 0.008 -31"><span class='ocrx_word' id='word_1_167' title='bbox 227 3138 282 3193; x_wconf 90' lang='lat' dir='ltr'>tus</span> <span class='ocrx_word' id='word_1_168' title='bbox 296 3134 361 3192; x_wconf 88' lang='lat' dir='ltr'>est.</span> <span class='ocrx_word' id='word_1_169' title='bbox 380 3119 531 3218; x_wconf 90' lang='lat' dir='ltr'>lnsiguis</span> <span class='ocrx_word' id='word_1_170' title='bbox 547 3119 664 3217; x_wconf 90' lang='lat' dir='ltr'>puella</span> <span class='ocrx_word' id='word_1_171' title='bbox 681 3121 846 3195; x_wconf 84' lang='lat' dir='ltr'>scelerosi</span> <span class='ocrx_word' id='word_1_172' title='bbox 865 3121 964 3196; x_wconf 89' lang='lat' dir='ltr'>ducis</span> <span class='ocrx_word' id='word_1_173' title='bbox 980 3140 1199 3224; x_wconf 87' lang='lat' dir='ltr'>opportuno</span> <span class='ocrx_word' id='word_1_174' title='bbox 1216 3142 1302 3201; x_wconf 83' lang='lat' dir='ltr'>tem·</span> 
     </span>
     <span class='ocr_line' id='line_1_25' title="bbox 224 3235 1301 3342; baseline 0.009 -35"><span class='ocrx_word' id='word_1_175' title='bbox 224 3263 314 3337; x_wconf 89' lang='lat' dir='ltr'>pore</span> <span class='ocrx_word' id='word_1_176' title='bbox 329 3235 506 3335; x_wconf 88' lang='lat' dir='ltr'>baptizata</span> <span class='ocrx_word' id='word_1_177' title='bbox 521 3252 593 3326; x_wconf 84' lang='lat' dir='ltr'>est,</span> <span class='ocrx_word' id='word_1_178' title='bbox 608 3253 645 3309; x_wconf 91' lang='lat' dir='ltr'>et</span> <span class='ocrx_word' id='word_1_179' title='bbox 658 3237 810 3338; x_wconf 91' lang='lat' dir='ltr'>eleganti</span> <span class='ocrx_word' id='word_1_180' title='bbox 825 3238 1017 3329; x_wconf 84' lang='lat' dir='ltr'>Batduino,</span> <span class='ocrx_word' id='word_1_181' title='bbox 1032 3266 1147 3342; x_wconf 89' lang='lat' dir='ltr'>quem</span> <span class='ocrx_word' id='word_1_182' title='bbox 1158 3244 1301 3320; x_wconf 85' lang='lat' dir='ltr'>vivente</span> 
     </span>
     <span class='ocr_line' id='line_1_26' title="bbox 224 3353 1300 3458; baseline 0.007 -31"><span class='ocrx_word' id='word_1_183' title='bbox 224 3372 346 3454; x_wconf 88' lang='lat' dir='ltr'>patre,</span> <span class='ocrx_word' id='word_1_184' title='bbox 374 3353 434 3428; x_wconf 87' lang='lat' dir='ltr'>sed</span> <span class='ocrx_word' id='word_1_185' title='bbox 461 3356 669 3455; x_wconf 89' lang='lat' dir='ltr'>ignorante,</span> <span class='ocrx_word' id='word_1_186' title='bbox 697 3357 902 3431; x_wconf 88' lang='lat' dir='ltr'>medullitus</span> <span class='ocrx_word' id='word_1_187' title='bbox 927 3374 1137 3458; x_wconf 86' lang='lat' dir='ltr'>optaverat,</span> <span class='ocrx_word' id='word_1_188' title='bbox 1168 3364 1300 3437; x_wconf 78' lang='lat' dir='ltr'>sociata</span> 
     </span>
     <span class='ocr_line' id='line_1_27' title="bbox 224 3471 1299 3580; baseline 0.006 -34"><span class='ocrx_word' id='word_1_189' title='bbox 224 3489 289 3546; x_wconf 91' lang='lat' dir='ltr'>est.</span> <span class='ocrx_word' id='word_1_190' title='bbox 325 3471 509 3572; x_wconf 77' lang='lat' dir='ltr'>Indigenae</span> <span class='ocrx_word' id='word_1_191' title='bbox 548 3473 752 3563; x_wconf 91' lang='lat' dir='ltr'>christiani,</span> <span class='ocrx_word' id='word_1_192' title='bbox 784 3475 883 3575; x_wconf 88' lang='lat' dir='ltr'>quod</span> <span class='ocrx_word' id='word_1_193' title='bbox 909 3474 1108 3551; x_wconf 88' lang='lat' dir='ltr'>christiano</span> <span class='ocrx_word' id='word_1_194' title='bbox 1141 3480 1299 3580; x_wconf 85' lang='lat' dir='ltr'>principi</span> 
     </span>
     <span class='ocr_line' id='line_1_28' title="bbox 222 3590 1298 3692; baseline 0.006 -30"><span class='ocrx_word' id='word_1_195' title='bbox 222 3590 479 3677; x_wconf 89' lang='lat' dir='ltr'>subderentur,</span> <span class='ocrx_word' id='word_1_196' title='bbox 506 3592 582 3664; x_wconf 89' lang='lat' dir='ltr'>Deo</span> <span class='ocrx_word' id='word_1_197' title='bbox 599 3594 730 3692; x_wconf 86' lang='lat' dir='ltr'>gratias</span> <span class='ocrx_word' id='word_1_198' title='bbox 743 3591 952 3682; x_wconf 86' lang='lat' dir='ltr'>reddentes,</span> <span class='ocrx_word' id='word_1_199' title='bbox 975 3592 1174 3669; x_wconf 90' lang='lat' dir='ltr'>admodum</span> <span class='ocrx_word' id='word_1_200' title='bbox 1189 3596 1298 3671; x_wconf 75' lang='lat' dir='ltr'>laetati</span> 
     </span>
     <span class='ocr_line' id='line_1_29' title="bbox 223 3709 1298 3813; baseline 0.008 -35"><span class='ocrx_word' id='word_1_201' title='bbox 223 3725 327 3795; x_wconf 88' lang='lat' dir='ltr'>sunt,</span> <span class='ocrx_word' id='word_1_202' title='bbox 350 3724 387 3779; x_wconf 90' lang='lat' dir='ltr'>et</span> <span class='ocrx_word' id='word_1_203' title='bbox 401 3709 508 3779; x_wconf 89' lang='lat' dir='ltr'>Turci</span> <span class='ocrx_word' id='word_1_204' title='bbox 518 3761 528 3794; x_wconf 94' lang='lat'>,</span> <span class='ocrx_word' id='word_1_205' title='bbox 552 3711 679 3782; x_wconf 91' lang='lat' dir='ltr'>amissa</span> <span class='ocrx_word' id='word_1_206' title='bbox 697 3710 964 3799; x_wconf 91' lang='lat' dir='ltr'>dominatione,</span> <span class='ocrx_word' id='word_1_207' title='bbox 979 3740 1050 3813; x_wconf 89' lang='lat' dir='ltr'>qua</span> <span class='ocrx_word' id='word_1_208' title='bbox 1063 3712 1298 3790; x_wconf 77' lang='lat' dir='ltr'>Christicolas</span> 
     </span>
     <span class='ocr_line' id='line_1_30' title="bbox 222 3821 1296 3930; baseline 0.011 -37"><span class='ocrx_word' id='word_1_209' title='bbox 222 3821 393 3895; x_wconf 85' lang='lat' dir='ltr'>hactenus</span> <span class='ocrx_word' id='word_1_210' title='bbox 422 3843 696 3920; x_wconf 86' lang='lat' dir='ltr'>oppresserant,</span> <span class='ocrx_word' id='word_1_211' title='bbox 716 3825 842 3925; x_wconf 87' lang='lat' dir='ltr'>dejecti</span> <span class='ocrx_word' id='word_1_212' title='bbox 870 3844 966 3900; x_wconf 87' lang='lat' dir='ltr'>sunt.</span> <span class='ocrx_word' id='word_1_213' title='bbox 993 3830 1128 3930; x_wconf 78' lang='lat' dir='ltr'>{rigens</span> <span class='ocrx_word' id='word_1_214' title='bbox 1151 3828 1296 3906; x_wconf 81' lang='lat' dir='ltr'>basilios</span> 
     </span>
     <span class='ocr_line' id='line_1_31' title="bbox 221 3937 1297 4048; baseline 0.012 -40"><span class='ocrx_word' id='word_1_215' title='bbox 221 3957 353 4011; x_wconf 88' lang='lat' dir='ltr'>sanctae</span> <span class='ocrx_word' id='word_1_216' title='bbox 378 3937 522 4038; x_wconf 84' lang='lat' dir='ltr'>Sophiae</span> <span class='ocrx_word' id='word_1_217' title='bbox 545 3938 679 4015; x_wconf 90' lang='lat' dir='ltr'>ibidem</span> <span class='ocrx_word' id='word_1_218' title='bbox 705 3961 908 4017; x_wconf 88' lang='lat' dir='ltr'>constructa</span> <span class='ocrx_word' id='word_1_219' title='bbox 928 3946 1045 4019; x_wconf 81' lang='lat' dir='ltr'>suerat</span> <span class='ocrx_word' id='word_1_220' title='bbox 1068 3947 1297 4048; x_wconf 88' lang='lat' dir='ltr'>temporibus</span> 
     </span>
     <span class='ocr_line' id='line_1_32' title="bbox 220 4057 1297 4167; baseline 0.014 -42"><span class='ocrx_word' id='word_1_221' title='bbox 220 4057 393 4156; x_wconf 89' lang='lat' dir='ltr'>antiquis,</span> <span class='ocrx_word' id='word_1_222' title='bbox 424 4083 532 4157; x_wconf 72' lang='lat' dir='ltr'>(guam</span> <span class='ocrx_word' id='word_1_223' title='bbox 559 4059 595 4131; x_wconf 92' lang='lat' dir='ltr'>in</span> <span class='ocrx_word' id='word_1_224' title='bbox 619 4059 759 4134; x_wconf 88' lang='lat' dir='ltr'>honore</span> <span class='ocrx_word' id='word_1_225' title='bbox 785 4062 898 4134; x_wconf 90' lang='lat' dir='ltr'>sancti</span> <span class='ocrx_word' id='word_1_226' title='bbox 919 4062 1134 4152; x_wconf 87' lang='lat' dir='ltr'>Salvatoris,</span> <span class='ocrx_word' id='word_1_227' title='bbox 1162 4066 1230 4167; x_wconf 89' lang='lat' dir='ltr'>qui</span> <span class='ocrx_word' id='word_1_228' title='bbox 1246 4080 1297 4139; x_wconf 84' lang='lat' dir='ltr'>est</span> 
     </span>
     <span class='ocr_line' id='line_1_33' title="bbox 220 4171 1293 4283; baseline 0.016 -42"><span class='ocrx_word' id='word_1_229' title='bbox 220 4171 333 4242; x_wconf 87' lang='lat' dir='ltr'>virtus</span> <span class='ocrx_word' id='word_1_230' title='bbox 353 4188 389 4242; x_wconf 86' lang='lat' dir='ltr'>ct</span> <span class='ocrx_word' id='word_1_231' title='bbox 409 4175 578 4271; x_wconf 83' lang='lat' dir='ltr'>sapientia</span> <span class='ocrx_word' id='word_1_232' title='bbox 608 4176 671 4249; x_wconf 83' lang='lat' dir='ltr'>Dei</span> <span class='ocrx_word' id='word_1_233' title='bbox 691 4178 821 4275; x_wconf 87' lang='lat' dir='ltr'>patris,</span> <span class='ocrx_word' id='word_1_234' title='bbox 840 4177 1017 4255; x_wconf 80' lang='lat' dir='ltr'>Baiduiuo</span> <span class='ocrx_word' id='word_1_235' title='bbox 1039 4181 1293 4283; x_wconf 84' lang='lat' dir='ltr'>principante,</span> 
     </span>
    </p>
   </div>
   <div class='ocr_carea' id='block_1_3' title="bbox 0 0 1512 5242">
    <p class='ocr_par' dir='ltr' id='par_1_3' title="bbox 0 0 1512 5242">
     <span class='ocr_line' id='line_1_34' title="bbox 0 0 1512 5242; baseline 0 2"><span class='ocrx_word' id='word_1_236' title='bbox 0 0 1512 5242; x_wconf 95' lang='lat' dir='ltr'> </span> 
     </span>
    </p>
   </div>
  </div>
 </body>
</html>
