3046 5244
590 494 707 557 tinen
728 496 931 558 SEPTIMUS.
1236 504 1295 565 163

276 628 475 700 llenrieum
492 651 593 726 ergo,
611 627 894 702 Teutoniooruui
914 654 1051 730 regern,
1067 631 1150 731 quia
1163 631 1297 707 divino

231 747 317 848 legia
333 745 591 846 praevaricator
610 762 688 818 erat
701 746 977 847 incorrigibilis,
989 773 1082 847 saepe
1095 748 1297 838 admonuit,

228 864 421 963 corripuit,
439 861 483 935 ad
499 878 722 962 postremum
735 866 1070 939 excommunicavit.
1084 865 1175 939 Nam
1190 869 1299 965 prin·

229 1007 309 1081 ceps
332 983 501 1080 prelatus
523 1004 675 1055 uxorem
695 1006 809 1071 suam,
827 981 1009 1056 Eustachii
1027 983 1299 1058 Bolonieusinn

227 1099 361 1200 egregii
377 1098 518 1171 comitis
530 1096 656 1184 liliam,
668 1097 829 1197 reliquit,
841 1115 879 1171 et
890 1099 1044 1173 sordidis
1058 1099 1226 1175 adulterii
1241 1129 1302 1175 vo-

229 1214 447 1316 luptatibus,
467 1232 507 1287 ut
525 1240 657 1315 pomus
681 1215 759 1289 luto
785 1216 959 1316 gaudens,
982 1218 1141 1305 inhaesit,
1163 1219 1302 1321 Deiqne

229 1333 366 1434 legibus
378 1348 416 1406 et
431 1332 613 1406 bonorum
630 1332 943 1408 exhortationibus
965 1338 1117 1408 omnino
1133 1336 1298 1425 infestus,

228 1449 383 1523 obstitit.
396 1447 621 1538 Godefridus,
638 1466 757 1522 autem
768 1451 1012 1551 lotharingiae
1025 1450 1113 1541 dux,
1129 1455 1226 1552 turpi
1237 1477 1302 1526 re·

229 1565 338 1667 pudic
355 1569 490 1642 sororis
503 1593 575 1639 suae
598 1583 770 1655 moestus,
789 1567 926 1641 bellum
949 1586 1077 1643 contra
1102 1572 1302 1645 Henricuur

229 1687 448 1772 commorit,
476 1701 513 1757 et
536 1685 660 1758 multis
684 1686 720 1758 in
750 1711 864 1758 unum
892 1685 1053 1758 millibus
1075 1689 1302 1787 congregatis

230 1829 309 1874 cum
330 1827 375 1874 eo
392 1800 576 1889 oonllixit,
596 1804 784 1903 ipsumque
807 1829 888 1876 cum
906 1801 1082 1876 dedecore
1105 1804 1241 1877 victum
1258 1802 1303 1877 de

232 1945 359 2019 campo
377 1921 531 2017 fugavit,
559 1936 596 1991 et
621 1922 670 1992 sic
698 1921 865 2018 injuriam
888 1921 1023 1993 sororis
1047 1947 1119 1992 srioe
1145 1920 1304 1993 vindica-

229 2039 310 2134 vit(
336 2039 365 2134 ).

273 2155 379 2253 Saepe
396 2153 492 2225 idem
512 2178 573 2226 rex
594 2180 760 2251 proceres
778 2181 877 2241 suos,
899 2181 1055 2255 quorum
1074 2181 1223 2245 uxores,
1242 2179 1303 2227 seu

230 2270 336 2356 filias,
354 2272 410 2344 vel
431 2270 564 2370 praedia
580 2271 873 2370 concupiscebat,
890 2270 934 2344 ad
946 2272 1085 2344 curiam
1096 2298 1196 2343 suam
1211 2270 1305 2343 srau·

230 2389 399 2462 dulenter
416 2387 647 2476 accersiebat,
666 2405 704 2460 et
719 2389 859 2462 occulte
882 2390 1074 2489 praemissis
1090 2386 1302 2461 satellitibus

230 2509 311 2594 suis,
333 2508 369 2579 in
389 2509 444 2578 via
462 2531 606 2579 securos
622 2505 834 2605 perimebat.
851 2507 915 2578 llis
930 2506 1080 2606 aliisque
1091 2505 1215 2577 multis
1233 2530 1303 2578 ne-

228 2625 350 2723 quitiis
361 2623 480 2696 foedus
489 2647 552 2696 rex
570 2648 606 2695 ae
622 2622 819 2709 inliciebat,
835 2640 872 2696 et
885 2626 1098 2697 innumeros
1109 2622 1302 2722 complices

229 2741 363 2836 pariter
382 2739 596 2839 proditionis
613 2739 656 2811 ad
670 2741 869 2839 perniciem
885 2765 1004 2815 secum
1021 2738 1197 2813 trahebat.
1215 2739 1303 2814 Gre-

229 2856 353 2954 gorius
370 2856 462 2954 Papa
487 2873 672 2928 tantorum
698 2856 873 2929 scelerum
898 2856 1061 2956 querelas
1079 2873 1118 2928 ut
1145 2856 1299 2944 audivit,

228 2975 416 3069 praelatum
427 2974 546 3046 virum
558 2992 599 3046 nt
609 2976 721 3047 vitam
730 3001 830 3046 suam
840 2974 1066 3059 emendaret,
1084 2976 1300 3074 plerumque

228 3091 440 3166 obsecravit.
467 3090 536 3165 Sed
562 3091 627 3167 illo
656 3094 823 3192 nequiter
848 3091 1026 3167 medicum
1053 3108 1090 3163 et
1113 3091 1300 3166 doctorem

228 3209 488 3297 subsannante,
514 3209 605 3283 nihil
620 3211 786 3309 profecit.
807 3212 908 3309 Saepe
932 3211 1132 3283 multorum
1158 3234 1299 3307 praesu·

229 3326 301 3400 lum
313 3327 490 3424 synodum
504 3326 691 3414 adunavit,
707 3325 797 3400 etde
810 3325 1005 3400 christiano
1020 3326 1187 3425 imperio,
1200 3323 1297 3425 quod

230 3460 299 3515 tam
317 3445 475 3543 turpiter
492 3461 528 3516 et
540 3444 675 3517 nelarie
688 3442 893 3543 polluebat,
911 3442 1066 3542 qualiter
1081 3443 1295 3540 corrigeret,

658 3597 712 3604 --
729 3596 1053 3605 —---———-.o.--
1072 3597 1127 3603 -—-
1142 3596 1168 3603 -α
1190 3595 1284 3605 ..u-

227 3658 327 3733 l'eglise
337 3661 374 3715 de
386 3661 576 3716 Saint-Pierre
595 3680 658 3716 sous
670 3662 694 3716 le
709 3680 774 3716 noni
794 3660 966 3715 deClernent
982 3661 1031 3714 lll.
1049 3663 1137 3732 llprin
1153 3660 1178 3715 le
1197 3659 1296 3733 dopna

228 3749 258 3805 de
271 3752 360 3806 llenri
371 3794 378 3817 ,
391 3751 416 3805 la
430 3751 504 3806 levee
518 3752 557 3806 du
570 3754 645 3824 siege
657 3752 696 3805 du
709 3752 824 3806 cbdteau
838 3751 1026 3824 saint-Ange,
1037 3753 1074 3805 ou
1086 3751 1225 3825 Gre'goire
1239 3750 1295 3804 Vll

228 3844 291 3895 eun
311 3842 437 3915 refugit,
454 3853 481 3895 et
501 3842 527 3897 le
544 3861 588 3897 sac
606 3844 641 3896 de
663 3843 752 3896 llonie
772 3861 820 3915 par
839 3841 944 3896 llnbert
964 3842 1116 3899 Gniacard.
1135 3842 1159 3897 le
1178 3860 1248 3915 pape
1267 3858 1296 3894 aa

228 3930 307 3984 retira
323 3948 358 3984 an
374 3942 452 3985 rnont
463 3932 557 3988 Cassio
573 3944 600 3986 et
613 3932 648 3985 de
661 3932 684 3985 l'a
698 3936 711 3985 a
723 3933 845 3986 salerne.

256 4026 265 4067 (
271 4026 296 4090 1)
313 4022 392 4075 Tout
406 4039 438 4075 ce
455 4023 629 4096 paragrapho
640 4033 683 4077 ost
696 4022 780 4075 d'nne
802 4023 921 4076 lausseto
943 4023 1095 4077 manifeste.
1118 4021 1296 4090 L'emporeur

228 4111 321 4166 n‘avait
336 4114 415 4185 point
430 4116 532 4185 &pronae
551 4114 574 4168 la
589 4132 663 4167 scrin
675 4113 710 4168 dc
726 4112 862 4168 (iodelroi
876 4112 912 4167 de
927 4111 1071 4173 bouillon,
1086 4122 1113 4164 rt
1131 4111 1186 4164 loin
1205 4109 1294 4163 d’etre

226 4219 256 4255 eu
272 4222 374 4276 guerre
387 4205 582 4269 ensemble,ce
597 4207 639 4259 lut
652 4205 700 4258 des
713 4206 801 4259 mains
815 4204 850 4257 da
860 4203 1010 4275 Henrique
1019 4219 1051 4255 re
1061 4204 1190 4272 seigneur
1203 4211 1291 4274 repul,

226 4308 256 4344 ec
271 4291 354 4366 1093.
368 4293 551 4348 l'inreatitnre
563 4293 602 4348 du
614 4294 708 4348 duchc'·
718 4298 754 4347 de
765 4293 789 4347 la
803 4292 1036 4346 Basse-bomine.
