3046 5244
56 431 166 509 [rouo]
431 422 758 487 turnomivus.
1070 428 1129 491 m

54 564 213 664 aliaeque
239 559 461 633 munitiones
488 557 711 658 possidebam
733 572 773 633 et
797 558 990 659 lingonum
1017 560 1136 635 oomi-

54 701 131 759 tem
145 681 220 779 (a),
240 695 278 753 et
293 675 490 753 Ricardum
503 676 549 752 de
565 675 754 752 Radvoriia
770 679 847 777 (a),
864 677 1024 779 aliosque
1040 678 1136 753 Con·

53 799 321 886 atantinienses,
337 812 474 896 praeter
487 793 715 869 ttodhenum
730 793 776 870 de
788 794 974 871 Molbraio
987 799 1059 897 (ὃ),
1073 822 1135 871 ae-

53 944 139 992 cum
173 913 346 1004 habebut,
378 930 416 986 et
457 913 617 989 collectis
646 912 807 1016 undique
844 913 985 989 viribus
1026 942 1136 1019 preoe

54 1036 265 1138 pretioque,
281 1030 445 1134 quotidie
461 1030 658 1106 emanabat.
683 1032 756 1106 'lot
779 1031 940 1133 pestibua
955 1032 1135 1137 inquieta·

55 1150 166 1225 batur
192 1149 382 1239 Neustria,
401 1164 439 1222 et
467 1146 627 1223 wdibua
655 1174 697 1223 ao
723 1147 879 1223 flammis
902 1149 1069 1227 hominea
1091 1178 1134 1227 ao

52 1269 153 1343 riona
166 1283 202 1342 et
219 1292 315 1341 casas
331 1264 496 1340 tradebat
512 1264 725 1366 gehennalia
736 1265 845 1339 tinia.

103 1385 168 1461 vis
184 1383 329 1485 Anglici
346 1385 442 1484 regis
457 1408 552 1484 pene
570 1408 638 1483 per
653 1398 768 1457 totam
782 1382 1046 1457 Normunnium
1066 1382 1136 1459 dia·

53 1501 246 1594 currebat,
266 1519 302 1575 et
326 1500 585 1576 Normannicis
610 1499 848 1601 optimatibus
871 1501 905 1575 ei
931 1501 1135 1577 laventibus

54 1635 209 1721 propter
222 1621 298 1718 ejus
313 1618 524 1716 pecuniam,
541 1635 687 1693 rectore
701 1616 897 1693 desolatam
912 1617 983 1693 ribi
998 1621 1136 1695 manci·

52 1735 164 1838 pabat
179 1737 423 1811 Provinciam.
443 1736 546 1811 Cives
562 1736 671 1809 etiam
688 1736 904 1838 Rotomagi,
922 1737 1032 1837 regiis
1046 1762 1134 1811 mn-

53 1854 204 1931 neribua
234 1872 271 1928 et
303 1855 489 1955 promissis
519 1854 654 1942 illecti,
684 1852 731 1928 de
759 1853 937 1930 mutando
965 1857 1151 1961 prinoipe'

54 1990 326 2064 tractaverunt,
360 2000 401 2048 ac
433 1989 475 2047 ut
506 1972 744 2047 Normannioe
777 1974 1014 2074 metropolim
1048 2000 1132 2051 oum

53 2092 285 2169 aomnolento
292 2090 382 2165 duoe
397 2091 474 2192 regi
484 2089 698 2190 proderent,
712 2090 892 2165 oonsiliati
906 2109 1006 2165 sunt.
1018 2092 1133 2192 llujua

53 2210 229 2284 nimirum
244 2209 411 2284 factionis
425 2208 594 2282 incentor
606 2207 796 2300 Conauua,
813 2206 1008 2282 Glaleberti
1024 2210 1131 2283 Pilati

52 2324 165 2412 filius,
188 2341 284 2415 erut,
303 2326 367 2426 qui
381 2326 478 2400 iuter
494 2325 607 2410 eirea,
626 2339 755 2423 utpote
769 2322 966 2399 ditissimus
980 2350 1128 2416 eorum,

84 2611 126 2681 (ι)
138 2610 256 2683 lingue,
271 2620 363 2666 comte
376 2609 412 2665 de
423 2609 554 2679 Chetter,
566 2610 689 2665 vioomte
701 2606 902 2666 d’tvrmehea.

82 2700 126 2771 (a)
145 2698 272 2755 Richard
284 2699 319 2755 de
335 2699 449 2755 Rerierr
460 2702 470 2770 (
476 2700 541 2774 pina
556 2697 695 2774 Creulli),
709 2696 753 2755 lila
764 2698 802 2754 de
812 2697 975 2769 Baudouin,
988 2701 1132 2776 maurip-

51 2789 162 2847 teurde
172 2789 198 2845 la
208 2790 305 2846 charte
314 2790 350 2846 de
359 2789 681 2865 lnbhaye-aux-nane·
690 2808 727 2847 eu
740 2789 822 2859 iola,
832 2788 1008 2861 daoendair,
1020 2790 1130 2862 dibon,

50 2878 211 2936 d‘Oamoud
229 2879 265 2934 de
283 2878 448 2946 cenaviltei,
469 2880 588 2935 vicomte
606 2879 643 2935 de
656 2878 788 2949 Ver-non,
807 2890 837 2935 et
853 2879 940 2935 d'une
957 2880 1037 2937 nilne
1052 2879 1131 2938 dela

51 2970 189 3026 dueliesae
202 2970 338 3035 Gonnor;
354 2971 423 3024 mais
438 2981 512 3025 cette
529 2970 640 3047 origine
653 2981 696 3026 eat
708 2971 765 3025 tria
778 2968 1002 3045 problematique
1016 2990 1090 3046 pour
1104 2971 1130 3028 la

52 3060 128 3135 ligne
151 3060 313 3117 masculine.
342 3060 392 3116 Lea
414 3060 566 3119 chitelaina
589 3061 625 3117 de
649 3062 768 3121 Vernon
792 3080 829 3117 ne
849 3060 1029 3136 a'appelaient
1049 3064 1131 3137 point

52 3151 197 3220 Otmond,
212 3154 282 3208 maia
294 3152 397 3225 lingue
408 3161 439 3207 et
450 3150 630 3221 Guillaume,
643 3163 673 3208 et
685 3170 717 3209 ce
730 3151 844 3207 dernier
856 3155 1012 3208 tumulenta
1024 3154 1050 3207 la
1061 3171 1131 3209 uun·

51 3242 137 3317 quere
153 3240 357 3315 d‘Angleterm.
376 3242 502 3312 Quaut'a
518 3239 545 3299 la
562 3240 639 3317 ligne
653 3241 802 3309 feminine,
823 3240 844 3296 il
859 3259 878 3315 y
894 3262 910 3297 a
924 3242 987 3316 plus
1002 3241 1039 3298 de
1056 3244 1131 3299 vrai-

52 3331 223 3400 aamblanoe,
237 3342 266 3387 et
276 3349 308 3387 ce
320 3333 372 3387 fait
383 3341 426 3386 eat
437 3330 572 3387 oonmme
583 3349 634 3405 par
646 3348 702 3386 nne
713 3330 849 3387 tradition
861 3332 1012 3406 contignde
1023 3330 1093 3387 dana
1104 3332 1131 3389 le

52 3422 201 3478 cartulaire
213 3422 262 3478 dea
275 3424 383 3479 moines
395 3423 431 3479 de
444 3421 624 3479 Cariabrook.
641 3421 757 3496 D’aprda
772 3440 804 3478 oe
821 3420 987 3492 document,
1005 3421 1130 3480 Richard

52 3510 89 3569 da
99 3512 216 3569 Reriera
233 3514 324 3569 aumit
336 3517 382 3569 ott
396 3532 483 3570 neren
500 3513 537 3569 de
550 3511 714 3570 Guillanme
726 3510 951 3580 Flu-Orbeme,
968 3532 1057 3570 neren
1074 3514 1130 3571 lui·

53 3604 144 3661 neme
164 3603 245 3659 dela
269 3602 406 3662 ducheaae
430 3606 562 3662 Gonnor.
586 3603 717 3661 Orbeme
737 3603 775 3661 de
796 3604 910 3679 crepon
929 3623 948 3679 y
966 3615 1010 3661 eat
1031 3605 1130 3681 appele

53 3690 182 3751 Orbame
193 3692 230 3750 de
245 3694 452 3764 centumvillis,
468 3712 501 3751 ce
512 3712 568 3770 que
579 3695 619 3751 tt.
632 3693 777 3770 stapleton
788 3695 862 3750 croit
874 3695 994 3768 pouroir
1008 3694 1131 3770 prendre

53 3798 124 3855 potu·
144 3800 184 3837 nn
203 3783 362 3857 equivalent
383 3784 419 3839 de
438 3783 631 3858 Longnerille,
650 3800 718 3840 nom
736 3784 862 3859 primitis
874 3782 915 3839 du
931 3784 1076 3841 territoioe
1093 3784 1130 3841 de

55 3868 180 3927 vernon
202 3872 349 3929 Prot-titre
368 3892 470 3929 encore
489 3875 604 3931 &tait-oe
623 3873 751 3941 Adeliae,
770 3872 874 3929 fnnme
891 3870 928 3929 de
946 3871 1072 3930 Riehard
1092 3872 1129 3929 do

55 3957 182 4030 uatem,
198 3965 247 4036 qui
261 3982 327 4017 aura
339 3968 384 4019 o'to
398 3965 452 4020 fille
464 3977 493 4020 ot
505 3964 640 4021 he'ritidre
650 3965 699 4021 dea
710 3965 855 4038 aeignenra
865 3964 902 4020 de
913 3964 1040 4022 Vemon.
1054 3964 1128 4021 C’ett

57 4069 162 4108 comme
175 4053 314 4109 chitelain
331 4054 366 4109 de
380 4056 495 4117 Neliou.
513 4055 684 4131 qu'Ordoric
696 4055 774 4113 Vital
792 4072 880 4131 range
895 4053 1021 4111 Richard
1037 4057 1127 4128 parmi

59 4139 95 4197 let
109 4144 250 4199 habitaris
264 4145 303 4199 du
316 4148 459 4202 Coteritin.

91 4229 127 4301 (3)
144 4232 251 4288 Robort
265 4234 300 4288 do
315 4236 458 4305 lllonbrai,
474 4255 561 4293 nrteu
574 4237 608 4291 dr
620 4234 761 4306 Geoffroi,
774 4235 879 4311 &reque
891 4234 926 4291 ‹le
938 4235 1102 4291 Contancra.
