3016 5242
73 375 198 448 [narare
217 369 308 444 1098]
464 365 581 428 LIBER
602 366 741 427 NONUS.
1081 372 1143 433 575

71 498 304 599 praecluebat,
319 499 490 599 eloquens
501 515 538 572 et
545 498 725 598 jocundus
738 498 910 575 omnibus
920 502 1042 576 omnis
1052 520 1145 578 erat.

70 618 320 718 singultuosus
343 642 432 717 ergo
452 618 629 691 exereitus
651 617 817 719 exequias
842 619 916 719 ejus
943 620 1148 695 celebrave-

69 753 177 823 runt,
205 752 241 807 et
276 734 496 809 aromatibus
534 734 722 809 conditum
757 761 889 836 eorpus
924 738 962 811 in
1001 738 1146 813 ecclesia

69 856 181 925 saneti
195 854 290 925 Petri
304 853 455 951 apostoli
472 854 704 951 sepelierunt.

119 971 245 1043 Comes
261 972 380 1043 Sancti
393 970 542 1071 AEgidii,
555 971 761 1044 nullatenus
771 973 931 1072 pigritiae
945 973 1003 1046 vel
1017 1000 1146 1048 socor-

67 1089 138 1159 diae
165 1088 410 1186 adquiescens,
435 1089 524 1188 quin
549 1086 744 1187 gentilibus
772 1089 850 1163 zelo
880 1091 1142 1182 inimicaretur,

67 1208 242 1280 continuo
258 1222 392 1278 terram
405 1191 688 1280 sarracenorum
704 1207 883 1306 ingressus
897 1225 969 1295 est,
985 1225 1022 1283 et
1036 1208 1146 1283 Alba·

68 1352 148 1396 ram
163 1325 235 1422 (ι),
257 1324 417 1397 nobilem
429 1350 558 1398 eorum
572 1324 770 1411 civitatem,
786 1326 1007 1425 expugnavit
1020 1341 1057 1399 et
1069 1328 1146 1402 vio·

67 1446 185 1517 lenter
210 1440 461 1539 apprehendit.
493 1442 625 1514 Omnes
653 1440 843 1543 utriusque
869 1467 974 1518 sexus
991 1445 1146 1518 civitatis

67 1559 202 1631 incolas
220 1584 310 1656 pene
326 1557 499 1656 peremit,
518 1557 719 1657 urbemque
740 1557 925 1633 subactam
940 1586 1005 1634 suo
1021 1559 1145 1634 domi-

66 1677 131 1750 nio
147 1677 377 1774 mancipavit.
397 1674 573 1748 Idoneum
591 1676 629 1747 in
650 1699 689 1747 ea
708 1675 918 1774 pontificem
943 1679 998 1775 (a)
1016 1677 1145 1753 Chris-

102 2012 142 2075 (ι)
159 2007 281 2062 Albane.
303 2005 444 2060 Raimond
463 2005 586 2079 d'hgiles
606 2004 735 2079 l’appelle
753 2005 864 2075 Bnrra,
886 2017 916 2062 et
934 2007 974 2062 les
991 2007 1144 2064 historiens

64 2098 224 2154 Orientaux
239 2098 363 2151 Bare'ou
376 2099 405 2152 E
407 2097 505 2151 lbarie'.
519 2097 559 2151 Ce
572 2096 616 2150 lut
629 2094 699 2149 daus
713 2094 752 2149 les
766 2097 896 2150 environs
909 2095 945 2153 de
958 2108 1031 2153 cette
1040 2096 1104 2152 ville
1114 2109 1144 2154 et

63 2188 101 2242 de
114 2189 227 2241 blarrah
240 2207 295 2260 que
309 2187 348 2241 les
360 2189 462 2241 eroisbs
475 2188 567 2241 virent
579 2204 652 2259 pour
663 2185 689 2240 la
700 2186 839 2258 premiere
851 2187 904 2242 lois
916 2187 965 2244 des
978 2189 1093 2262 ehamps
1106 2188 1143 2245 de

60 2298 164 2333 cannes
177 2282 192 2331 is
205 2297 294 2332 suere.
311 2279 442 2354 quique
454 2275 480 2330 le
492 2293 607 2350 passage
622 2276 660 2330 oit
676 2274 776 2330 Albert
788 2273 870 2331 d’Aix
888 2276 979 2334 decrit
994 2288 1069 2334 cette
1081 2277 1142 2334 cul-

60 2369 198 2437 ture,soit
217 2367 281 2419 bien
294 2385 401 2435 conun,
420 2384 490 2422 nous
508 2384 543 2422 ne
556 2383 673 2439 croyom
691 2365 811 2440 pouroir
823 2384 894 2423 nous
908 2366 1053 2442 dispenset
1066 2368 1101 2425 de
1115 2368 1141 2426 le

59 2459 211 2526 consignes·
225 2457 259 2509 ici
275 2480 280 2507 z

101 2549 269 2602 Calaraellos
283 2546 386 2602 ibidem
402 2547 532 2615 satellites,
550 2566 603 2618 per
621 2567 786 2619 camporum
798 2550 946 2618 planitiem
961 2550 1144 2606 abundanter

59 2651 200 2712 repertas,
222 2660 291 2711 qaas
311 2648 417 2693 vocant
434 2656 529 2705 aucas,
551 2640 630 2693 suxit
649 2640 784 2712 populus,
801 2641 914 2694 illorum
932 2641 1043 2694 salubri
1058 2660 1141 2697 succo

58 2731 173 2783 laetatus
182 2755 188 2790 ,·
211 2739 237 2781 et
260 2732 313 2782 asia
330 2727 371 2781 ael
385 2730 561 2782 saturitatem
576 2745 638 2798 pra
659 2725 810 2783 dulcedine
832 2727 943 2799 expleri
957 2727 1010 2782 boc
1026 2738 1140 2800 gustato

57 2821 203 2875 volebant.
227 2819 286 2872 [Iac
309 2821 382 2872 enim
403 2837 492 2890 genus
513 2816 609 2872 herbae
629 2835 740 2872 summo
764 2818 861 2873 labore
880 2818 1070 2892 agricolarum
1089 2837 1142 2890 per

58 2913 187 2982 singulos
196 2910 334 2963 excolitur
343 2927 442 2963 annos.
455 2907 564 2963 Deinde
575 2917 698 2981 tempore
709 2910 808 2963 messes
819 2918 961 2964 maturum
969 2908 1142 2964 mortariolis

57 3002 201 3074 indigente
212 2999 399 3068 contundunt,
414 3019 526 3055 succum
537 3000 672 3055 collatum
684 2999 943 3075 (conglutinatum)
954 3002 983 3054 in
991 3002 1072 3054 nasis
1080 3001 1140 3055 sutis

58 3102 239 3165 reponentes,
253 3109 395 3162 quousque
405 3089 571 3161 coagulatus
581 3088 749 3145 indurescat
760 3091 813 3146 sub
825 3093 917 3164 specie
928 3092 1001 3146 nives
1010 3090 1061 3145 vel
1070 3090 1140 3146 salis

57 3184 126 3238 albi.
145 3185 231 3254 Quem
246 3201 340 3235 rasum
357 3200 419 3234 cum
432 3189 500 3251 potu
517 3183 681 3248 nascentes,
700 3189 750 3234 aut
766 3200 830 3235 eum
846 3200 923 3254 aqua
940 3190 1072 3249 terentes,
1087 3198 1139 3252 pm

56 3273 201 3343 pulmento
214 3280 339 3328 sumunt.
355 3279 382 3322 et
391 3288 476 3341 snper
478 3266 584 3340 savum
597 3267 688 3322 mellis
700 3269 882 3339 gustantibus
893 3267 976 3322 dulce
983 3287 1017 3322 ac
1024 3268 1139 3324 salubre

56 3360 179 3416 videtur.
195 3362 284 3414 Aiunt
294 3358 410 3434 assidam
421 3377 510 3431 genus
526 3358 630 3424 mellis,
644 3356 723 3430 quael
734 3361 878 3430 reperiens
890 3357 1048 3425 sonatan,
1051 3358 1139 3428 filius

58 3452 133 3505 Saul
156 3454 246 3522 regis,
272 3468 357 3521 super
368 3449 479 3520 faciem
503 3457 602 3516 terrae,
627 3446 791 3503 inobediens
812 3457 931 3522 gustare
955 3450 1137 3520 amsumpsit

56 3540 250 3612 (1.tteg.26‚
267 3557 310 3612 27,
327 3536 385 3608 43).
407 3536 457 3592 His
472 3557 538 3612 ergo
551 3538 709 3594 calamellis
726 3538 827 3593 melliti
841 3539 951 3611 saporis
967 3537 1090 3610 popalus
1107 3539 1137 3592 in

56 3632 201 3686 obsidione
212 3630 351 3697 albariae,
366 3630 474 3684 Marroe
486 3639 513 3684 et
525 3629 655 3698 Arabas,
670 3622 788 3684 mullum
800 3627 944 3686 horrenda
949 3629 1035 3703 same
1047 3646 1137 3682 vexa·

58 3731 117 3788 tus,
131 3731 172 3774 est
188 3720 369 3792 refocillatus.

94 3814 134 3879 (a)
149 3813 188 3865 Co
202 3810 291 3882 pielat
307 3808 448 3881 s'appelait
463 3810 572 3878 Pierre,
587 3820 617 3865 et
629 3810 699 3866 etsit
714 3810 867 3884 originaire
881 3808 917 3864 de
933 3807 1094 3865 Narbonae.
1110 3807 1134 3862 ll

57 3904 102 3956 sut
116 3906 190 3955 sacre
208 3923 257 3974 par
277 3902 301 3955 le
318 3902 475 3974 patriarche
490 3903 564 3957 Grec
582 3902 768 3969 d’Antioche,
789 3904 858 3957 lean
872 3901 926 3967 lv,
942 3899 990 3974 qui
1004 3899 1075 3953 avait
1090 3899 1136 3952 e'te

59 3994 114 4045 fort
133 3993 269 4045 malti-alti.
284 4013 333 4064 pur
354 3992 391 4045 les
410 3993 500 4046 Turcs
520 3992 644 4065 pendant
663 3993 688 4047 le
706 3995 793 4067 siege,
813 3992 921 4065 etqui,
943 4008 997 4064 peu
1014 3987 1094 4061 apres
1108 3985 1134 4041 la

59 4084 133 4154 prisc
153 4084 187 4134 ‹lc
203 4094 274 4135 cette
289 4083 365 4146 ville,
383 4101 416 4136 nc
431 4083 599 4138 s'accorclant
616 4101 664 4156 pas
679 4101 742 4138 arec
762 4083 799 4138 les
818 4081 959 4136 chetttens
977 4078 1084 4139 latins,
1104 4093 1133 4129 se

60 4176 143 4224 sotira
160 4178 172 4223 t
186 4174 426 4244 Conuantinoptc.
