<?xml version="1.0" encoding="UTF-8"?>
<!DOCTYPE html PUBLIC "-//W3C//DTD XHTML 1.0 Transitional//EN"
    "http://www.w3.org/TR/xhtml1/DTD/xhtml1-transitional.dtd">
<html xmlns="http://www.w3.org/1999/xhtml" xml:lang="en" lang="en">
 <head>
  <title>
</title>
<meta http-equiv="Content-Type" content="text/html;charset=utf-8" />
  <meta name='ocr-system' content='tesseract 3.04.00' />
  <meta name='ocr-capabilities' content='ocr_page ocr_carea ocr_par ocr_line ocrx_word'/>
</head>
<body>
  <div class='ocr_page' id='page_1' title='image "./ordericivitalis00deligoog_0589.png"; bbox 0 0 3016 5242; ppageno 0'>
   <div class='ocr_carea' id='block_1_1' title="bbox 218 358 1296 443">
    <p class='ocr_par' dir='ltr' id='par_1_1' title="bbox 218 358 1296 443">
     <span class='ocr_line' id='line_1_1' title="bbox 218 358 1296 443; baseline -0.007 -11"><span class='ocrx_word' id='word_1_1' title='bbox 218 368 281 432; x_wconf 67' lang='lat'><strong>574</strong></span> <span class='ocrx_word' id='word_1_2' title='bbox 405 363 591 427; x_wconf 74' lang='lat' dir='ltr'><strong>lllSTOllld</strong></span> <span class='ocrx_word' id='word_1_3' title='bbox 613 358 922 423; x_wconf 74' lang='lat' dir='ltr'><strong>Etctttsmsrlca,</strong></span> <span class='ocrx_word' id='word_1_4' title='bbox 948 363 1196 438; x_wconf 66' lang='lat' dir='ltr'><strong>[auctomento</strong></span> <span class='ocrx_word' id='word_1_5' title='bbox 1208 362 1296 443; x_wconf 73' lang='lat'>1⁰⁹8]</span> 
     </span>
    </p>
   </div>
   <div class='ocr_carea' id='block_1_2' title="bbox 215 492 1297 4000">
    <p class='ocr_par' dir='ltr' id='par_1_2' title="bbox 215 492 1297 3051">
     <span class='ocr_line' id='line_1_2' title="bbox 216 492 1294 596; baseline -0.006 -21"><span class='ocrx_word' id='word_1_6' title='bbox 216 497 399 575; x_wconf 86' lang='lat' dir='ltr'><strong>ardorem.</strong></span> <span class='ocrx_word' id='word_1_7' title='bbox 414 499 535 571; x_wconf 84' lang='lat' dir='ltr'><strong>AEstus</strong></span> <span class='ocrx_word' id='word_1_8' title='bbox 547 496 682 596; x_wconf 87' lang='lat' dir='ltr'><strong>quippe</strong></span> <span class='ocrx_word' id='word_1_9' title='bbox 698 494 988 595; x_wconf 72' lang='lat' dir='ltr'><strong>quammaximus</strong></span> <span class='ocrx_word' id='word_1_10' title='bbox 1001 508 1098 567; x_wconf 89' lang='lat' dir='ltr'><strong>erat.</strong></span> <span class='ocrx_word' id='word_1_11' title='bbox 1111 492 1294 595; x_wconf 85' lang='lat' dir='ltr'><strong>Denique,</strong></span> 
     </span>
     <span class='ocr_line' id='line_1_3' title="bbox 215 610 1293 718; baseline -0.004 -27"><span class='ocrx_word' id='word_1_12' title='bbox 215 634 407 718; x_wconf 82' lang='lat' dir='ltr'><strong>postquam</strong></span> <span class='ocrx_word' id='word_1_13' title='bbox 437 614 601 688; x_wconf 88' lang='lat' dir='ltr'><strong>laborem</strong></span> <span class='ocrx_word' id='word_1_14' title='bbox 635 612 876 713; x_wconf 88' lang='lat' dir='ltr'><strong>nequiverant</strong></span> <span class='ocrx_word' id='word_1_15' title='bbox 911 610 1069 711; x_wconf 87' lang='lat' dir='ltr'><strong>amplius</strong></span> <span class='ocrx_word' id='word_1_16' title='bbox 1100 610 1293 701; x_wconf 79' lang='lat' dir='ltr'><strong>sustinere,</strong></span> 
     </span>
     <span class='ocr_line' id='line_1_4' title="bbox 217 724 1296 827; baseline -0.005 -21"><span class='ocrx_word' id='word_1_17' title='bbox 217 758 286 806; x_wconf 91' lang='lat' dir='ltr'><strong>nec</strong></span> <span class='ocrx_word' id='word_1_18' title='bbox 300 733 376 805; x_wconf 88' lang='lat' dir='ltr'><strong>sitis</strong></span> <span class='ocrx_word' id='word_1_19' title='bbox 392 729 562 804; x_wconf 93' lang='lat' dir='ltr'><strong>ardorem</strong></span> <span class='ocrx_word' id='word_1_20' title='bbox 575 751 801 826; x_wconf 81' lang='lat' dir='ltr'><strong>compescere</strong></span> <span class='ocrx_word' id='word_1_21' title='bbox 809 757 821 817; x_wconf 79' lang='lat'>3</span> <span class='ocrx_word' id='word_1_22' title='bbox 839 727 1016 827; x_wconf 87' lang='lat' dir='ltr'><strong>quoniam</strong></span> <span class='ocrx_word' id='word_1_23' title='bbox 1026 724 1077 799; x_wconf 91' lang='lat' dir='ltr'><strong>ad</strong></span> <span class='ocrx_word' id='word_1_24' title='bbox 1091 726 1296 801; x_wconf 78' lang='lat' dir='ltr'><strong>refocillan-</strong></span> 
     </span>
     <span class='ocr_line' id='line_1_5' title="bbox 216 844 1297 943; baseline -0.003 -21"><span class='ocrx_word' id='word_1_25' title='bbox 216 847 307 922; x_wconf 91' lang='lat' dir='ltr'><strong>dum</strong></span> <span class='ocrx_word' id='word_1_26' title='bbox 333 848 433 920; x_wconf 90' lang='lat' dir='ltr'><strong>nulla</strong></span> <span class='ocrx_word' id='word_1_27' title='bbox 465 844 716 919; x_wconf 84' lang='lat' dir='ltr'><strong>inveniebatur</strong></span> <span class='ocrx_word' id='word_1_28' title='bbox 738 871 853 943; x_wconf 88' lang='lat' dir='ltr'><strong>aqua,</strong></span> <span class='ocrx_word' id='word_1_29' title='bbox 883 844 1010 929; x_wconf 44' lang='lat' dir='ltr'><strong>conati.</strong></span> <span class='ocrx_word' id='word_1_30' title='bbox 1029 859 1121 916; x_wconf 91' lang='lat' dir='ltr'><strong>sunt</strong></span> <span class='ocrx_word' id='word_1_31' title='bbox 1146 858 1189 918; x_wconf 89' lang='lat' dir='ltr'><strong>et</strong></span> <span class='ocrx_word' id='word_1_32' title='bbox 1212 870 1297 919; x_wconf 86' lang='lat' dir='ltr'><strong>eou-</strong></span> 
     </span>
     <span class='ocr_line' id='line_1_6' title="bbox 217 958 1297 1061; baseline -0.004 -23"><span class='ocrx_word' id='word_1_33' title='bbox 217 964 409 1054; x_wconf 86' lang='lat' dir='ltr'><strong>dixerunt,</strong></span> <span class='ocrx_word' id='word_1_34' title='bbox 426 960 471 1035; x_wconf 92' lang='lat' dir='ltr'><strong>ad</strong></span> <span class='ocrx_word' id='word_1_35' title='bbox 485 962 671 1036; x_wconf 89' lang='lat' dir='ltr'><strong>castellum</strong></span> <span class='ocrx_word' id='word_1_36' title='bbox 683 988 788 1034; x_wconf 90' lang='lat' dir='ltr'><strong>suum</strong></span> <span class='ocrx_word' id='word_1_37' title='bbox 802 960 1054 1059; x_wconf 80' lang='lat' dir='ltr'><strong>conglobatim</strong></span> <span class='ocrx_word' id='word_1_38' title='bbox 1071 976 1112 1033; x_wconf 93' lang='lat' dir='ltr'><strong>et</strong></span> <span class='ocrx_word' id='word_1_39' title='bbox 1122 958 1297 1061; x_wconf 77' lang='lat' dir='ltr'><strong>gradatim</strong></span> 
     </span>
     <span class='ocr_line' id='line_1_7' title="bbox 219 1073 1297 1178; baseline -0.003 -24"><span class='ocrx_word' id='word_1_40' title='bbox 219 1080 352 1154; x_wconf 89' lang='lat' dir='ltr'><strong>redire.</strong></span> <span class='ocrx_word' id='word_1_41' title='bbox 372 1078 442 1152; x_wconf 86' lang='lat' dir='ltr'><strong>Sed</strong></span> <span class='ocrx_word' id='word_1_42' title='bbox 458 1103 546 1178; x_wconf 90' lang='lat' dir='ltr'><strong>gens</strong></span> <span class='ocrx_word' id='word_1_43' title='bbox 562 1076 717 1151; x_wconf 86' lang='lat' dir='ltr'><strong>invalida</strong></span> <span class='ocrx_word' id='word_1_44' title='bbox 740 1092 778 1150; x_wconf 89' lang='lat' dir='ltr'><strong>et</strong></span> <span class='ocrx_word' id='word_1_45' title='bbox 797 1075 961 1166; x_wconf 88' lang='lat' dir='ltr'><strong>indocta,</strong></span> <span class='ocrx_word' id='word_1_46' title='bbox 977 1073 1122 1176; x_wconf 85' lang='lat' dir='ltr'><strong>pedites</strong></span> <span class='ocrx_word' id='word_1_47' title='bbox 1136 1075 1297 1151; x_wconf 83' lang='lat' dir='ltr'><strong>videlicet</strong></span> 
     </span>
     <span class='ocr_line' id='line_1_8' title="bbox 220 1192 1295 1293; baseline -0.003 -23"><span class='ocrx_word' id='word_1_48' title='bbox 220 1225 263 1270; x_wconf 91' lang='lat' dir='ltr'><strong>ac</strong></span> <span class='ocrx_word' id='word_1_49' title='bbox 279 1197 445 1284; x_wconf 79' lang='lat' dir='ltr'><strong>Susiani,</strong></span> <span class='ocrx_word' id='word_1_50' title='bbox 463 1192 592 1268; x_wconf 90' lang='lat' dir='ltr'><strong>ordine</strong></span> <span class='ocrx_word' id='word_1_51' title='bbox 606 1211 729 1293; x_wconf 87' lang='lat' dir='ltr'><strong>spreto</strong></span> <span class='ocrx_word' id='word_1_52' title='bbox 744 1209 782 1267; x_wconf 90' lang='lat' dir='ltr'><strong>et</strong></span> <span class='ocrx_word' id='word_1_53' title='bbox 798 1192 918 1269; x_wconf 86' lang='lat' dir='ltr'><strong>edicto</strong></span> <span class='ocrx_word' id='word_1_54' title='bbox 933 1193 1101 1267; x_wconf 88' lang='lat' dir='ltr'><strong>militum</strong></span> <span class='ocrx_word' id='word_1_55' title='bbox 1114 1193 1295 1293; x_wconf 81' lang='lat' dir='ltr'><strong>neglecto,</strong></span> 
     </span>
     <span class='ocr_line' id='line_1_9' title="bbox 221 1310 1294 1413; baseline -0.005 -27"><span class='ocrx_word' id='word_1_56' title='bbox 221 1315 338 1388; x_wconf 91' lang='lat' dir='ltr'><strong>nimio</strong></span> <span class='ocrx_word' id='word_1_57' title='bbox 353 1312 511 1410; x_wconf 89' lang='lat' dir='ltr'><strong>correpti</strong></span> <span class='ocrx_word' id='word_1_58' title='bbox 525 1337 679 1410; x_wconf 88' lang='lat' dir='ltr'><strong>pavore,</strong></span> <span class='ocrx_word' id='word_1_59' title='bbox 698 1327 894 1411; x_wconf 90' lang='lat' dir='ltr'><strong>coeperunt</strong></span> <span class='ocrx_word' id='word_1_60' title='bbox 905 1310 1152 1413; x_wconf 75' lang='lat' dir='ltr'><strong>disgregatim</strong></span> <span class='ocrx_word' id='word_1_61' title='bbox 1167 1314 1294 1412; x_wconf 77' lang='lat' dir='ltr'><strong>lugere.</strong></span> 
     </span>
     <span class='ocr_line' id='line_1_10' title="bbox 220 1427 1297 1528; baseline -0.002 -23"><span class='ocrx_word' id='word_1_62' title='bbox 220 1431 382 1505; x_wconf 83' lang='lat' dir='ltr'><strong>Gentiles</strong></span> <span class='ocrx_word' id='word_1_63' title='bbox 398 1445 519 1503; x_wconf 88' lang='lat' dir='ltr'><strong>autem</strong></span> <span class='ocrx_word' id='word_1_64' title='bbox 535 1429 585 1502; x_wconf 92' lang='lat' dir='ltr'><strong>eis</strong></span> <span class='ocrx_word' id='word_1_65' title='bbox 602 1429 764 1504; x_wconf 79' lang='lat' dir='ltr'><strong>indefessi</strong></span> <span class='ocrx_word' id='word_1_66' title='bbox 784 1427 985 1518; x_wconf 86' lang='lat' dir='ltr'><strong>instabant,</strong></span> <span class='ocrx_word' id='word_1_67' title='bbox 1002 1445 1042 1502; x_wconf 88' lang='lat' dir='ltr'><strong>et</strong></span> <span class='ocrx_word' id='word_1_68' title='bbox 1060 1444 1172 1528; x_wconf 75' lang='lat' dir='ltr'><strong>terga</strong></span> <span class='ocrx_word' id='word_1_69' title='bbox 1185 1427 1297 1503; x_wconf 75' lang='lat' dir='ltr'><strong>aeden</strong></span> 
     </span>
     <span class='ocr_line' id='line_1_11' title="bbox 220 1546 1296 1648; baseline 0.002 -28"><span class='ocrx_word' id='word_1_70' title='bbox 220 1564 273 1622; x_wconf 90' lang='lat' dir='ltr'><strong>tes</strong></span> <span class='ocrx_word' id='word_1_71' title='bbox 287 1546 571 1648; x_wconf 86' lang='lat' dir='ltr'><strong>insequebantur</strong></span> <span class='ocrx_word' id='word_1_72' title='bbox 582 1563 619 1620; x_wconf 89' lang='lat' dir='ltr'><strong>et</strong></span> <span class='ocrx_word' id='word_1_73' title='bbox 630 1546 819 1620; x_wconf 65' lang='lat' dir='ltr'><strong>caedebant</strong></span> <span class='ocrx_word' id='word_1_74' title='bbox 827 1601 838 1635; x_wconf 93' lang='lat'><strong>,</strong></span> <span class='ocrx_word' id='word_1_75' title='bbox 853 1563 890 1620; x_wconf 88' lang='lat' dir='ltr'><strong>et</strong></span> <span class='ocrx_word' id='word_1_76' title='bbox 904 1546 998 1645; x_wconf 91' lang='lat' dir='ltr'><strong>lupis</strong></span> <span class='ocrx_word' id='word_1_77' title='bbox 1010 1546 1238 1637; x_wconf 84' lang='lat' dir='ltr'><strong>atrociores,</strong></span> <span class='ocrx_word' id='word_1_78' title='bbox 1249 1570 1296 1621; x_wconf 74' lang='lat' dir='ltr'><strong>ue</strong></span> 
     </span>
     <span class='ocr_line' id='line_1_12' title="bbox 219 1664 1293 1765; baseline 0.001 -26"><span class='ocrx_word' id='word_1_79' title='bbox 219 1666 313 1741; x_wconf 91' lang='lat' dir='ltr'><strong>mini</strong></span> <span class='ocrx_word' id='word_1_80' title='bbox 327 1664 537 1765; x_wconf 87' lang='lat' dir='ltr'><strong>parcebant.</strong></span> <span class='ocrx_word' id='word_1_81' title='bbox 553 1665 776 1765; x_wconf 82' lang='lat' dir='ltr'><strong>Suggerebat</strong></span> <span class='ocrx_word' id='word_1_82' title='bbox 792 1666 863 1739; x_wconf 90' lang='lat' dir='ltr'><strong>illis</strong></span> <span class='ocrx_word' id='word_1_83' title='bbox 875 1666 970 1740; x_wconf 76' lang='lat' dir='ltr'><strong>vires</strong></span> <span class='ocrx_word' id='word_1_84' title='bbox 983 1679 1116 1763; x_wconf 87' lang='lat' dir='ltr'><strong>optata</strong></span> <span class='ocrx_word' id='word_1_85' title='bbox 1133 1665 1293 1749; x_wconf 74' lang='lat' dir='ltr'><strong>victoria,</strong></span> 
     </span>
     <span class='ocr_line' id='line_1_13' title="bbox 220 1781 1294 1884; baseline 0.001 -28"><span class='ocrx_word' id='word_1_86' title='bbox 220 1799 257 1856; x_wconf 89' lang='lat' dir='ltr'><strong>et</strong></span> <span class='ocrx_word' id='word_1_87' title='bbox 268 1784 456 1883; x_wconf 82' lang='lat' dir='ltr'><strong>praesentis</strong></span> <span class='ocrx_word' id='word_1_88' title='bbox 470 1784 643 1882; x_wconf 86' lang='lat' dir='ltr'><strong>temporis</strong></span> <span class='ocrx_word' id='word_1_89' title='bbox 659 1783 927 1884; x_wconf 87' lang='lat' dir='ltr'><strong>opportunitas.</strong></span> <span class='ocrx_word' id='word_1_90' title='bbox 942 1781 1053 1855; x_wconf 83' lang='lat' dir='ltr'><strong>Multi</strong></span> <span class='ocrx_word' id='word_1_91' title='bbox 1070 1783 1202 1884; x_wconf 86' lang='lat' dir='ltr'><strong>itaque</strong></span> <span class='ocrx_word' id='word_1_92' title='bbox 1213 1798 1294 1867; x_wconf 82' lang='lat' dir='ltr'><strong>suut,</strong></span> 
     </span>
     <span class='ocr_line' id='line_1_14' title="bbox 220 1897 1293 2001; baseline -0.002 -28"><span class='ocrx_word' id='word_1_93' title='bbox 220 1899 265 1974; x_wconf 91' lang='lat' dir='ltr'><strong>de</strong></span> <span class='ocrx_word' id='word_1_94' title='bbox 292 1917 400 2001; x_wconf 90' lang='lat' dir='ltr'><strong>gente</strong></span> <span class='ocrx_word' id='word_1_95' title='bbox 422 1899 563 1999; x_wconf 88' lang='lat' dir='ltr'><strong>plebeia</strong></span> <span class='ocrx_word' id='word_1_96' title='bbox 591 1917 628 1973; x_wconf 93' lang='lat' dir='ltr'><strong>et</strong></span> <span class='ocrx_word' id='word_1_97' title='bbox 651 1900 896 1999; x_wconf 86' lang='lat' dir='ltr'><strong>pusillanimi,</strong></span> <span class='ocrx_word' id='word_1_98' title='bbox 925 1897 1050 1998; x_wconf 85' lang='lat' dir='ltr'><strong>gladio</strong></span> <span class='ocrx_word' id='word_1_99' title='bbox 1077 1900 1226 1990; x_wconf 67' lang='lat' dir='ltr'><strong>necati,</strong></span> <span class='ocrx_word' id='word_1_100' title='bbox 1249 1898 1293 1971; x_wconf 83' lang='lat' dir='ltr'><strong>alii</strong></span> 
     </span>
     <span class='ocr_line' id='line_1_15' title="bbox 219 2014 1292 2109; baseline -0.001 -21"><span class='ocrx_word' id='word_1_101' title='bbox 219 2037 310 2090; x_wconf 76' lang='lat' dir='ltr'><strong>vero</strong></span> <span class='ocrx_word' id='word_1_102' title='bbox 330 2016 444 2089; x_wconf 90' lang='lat' dir='ltr'><strong>nimia</strong></span> <span class='ocrx_word' id='word_1_103' title='bbox 464 2016 521 2088; x_wconf 90' lang='lat' dir='ltr'><strong>siti</strong></span> <span class='ocrx_word' id='word_1_104' title='bbox 546 2015 722 2090; x_wconf 83' lang='lat' dir='ltr'><strong>sullocati.</strong></span> <span class='ocrx_word' id='word_1_105' title='bbox 747 2015 816 2109; x_wconf 86' lang='lat' dir='ltr'><strong>Qui</strong></span> <span class='ocrx_word' id='word_1_106' title='bbox 833 2030 956 2089; x_wconf 80' lang='lat' dir='ltr'><strong>autem</strong></span> <span class='ocrx_word' id='word_1_107' title='bbox 981 2014 1061 2089; x_wconf 80' lang='lat' dir='ltr'><strong>vivi</strong></span> <span class='ocrx_word' id='word_1_108' title='bbox 1089 2029 1292 2103; x_wconf 77' lang='lat' dir='ltr'><strong>evaserant,</strong></span> 
     </span>
     <span class='ocr_line' id='line_1_16' title="bbox 221 2129 1293 2232; baseline -0.003 -24"><span class='ocrx_word' id='word_1_109' title='bbox 221 2161 306 2208; x_wconf 91' lang='lat' dir='ltr'><strong>cum</strong></span> <span class='ocrx_word' id='word_1_110' title='bbox 330 2130 536 2207; x_wconf 84' lang='lat' dir='ltr'><strong>Raimundo</strong></span> <span class='ocrx_word' id='word_1_111' title='bbox 567 2133 814 2206; x_wconf 88' lang='lat' dir='ltr'><strong>Talamaniam</strong></span> <span class='ocrx_word' id='word_1_112' title='bbox 839 2130 1051 2221; x_wconf 80' lang='lat' dir='ltr'><strong>redierunt,</strong></span> <span class='ocrx_word' id='word_1_113' title='bbox 1081 2129 1217 2232; x_wconf 85' lang='lat' dir='ltr'><strong>ibique</strong></span> <span class='ocrx_word' id='word_1_114' title='bbox 1237 2131 1293 2205; x_wconf 72' lang='lat' dir='ltr'><strong>dia</strong></span> 
     </span>
     <span class='ocr_line' id='line_1_17' title="bbox 220 2248 1291 2352; baseline 0 -27"><span class='ocrx_word' id='word_1_115' title='bbox 220 2251 360 2352; x_wconf 89' lang='lat' dir='ltr'><strong>aliquot</strong></span> <span class='ocrx_word' id='word_1_116' title='bbox 370 2251 547 2324; x_wconf 82' lang='lat' dir='ltr'><strong>lecerunt.</strong></span> <span class='ocrx_word' id='word_1_117' title='bbox 563 2249 703 2324; x_wconf 88' lang='lat' dir='ltr'><strong>Occisio</strong></span> <span class='ocrx_word' id='word_1_118' title='bbox 716 2249 794 2323; x_wconf 89' lang='lat' dir='ltr'><strong>haec</strong></span> <span class='ocrx_word' id='word_1_119' title='bbox 807 2272 931 2323; x_wconf 89' lang='lat' dir='ltr'><strong>mense</strong></span> <span class='ocrx_word' id='word_1_120' title='bbox 938 2248 1035 2350; x_wconf 87' lang='lat' dir='ltr'><strong>julio</strong></span> <span class='ocrx_word' id='word_1_121' title='bbox 1054 2248 1117 2349; x_wconf 85' lang='grc' dir='ltr'><strong>(ι)</strong></span> <span class='ocrx_word' id='word_1_122' title='bbox 1133 2251 1231 2325; x_wconf 82' lang='lat' dir='ltr'><strong>sacta</strong></span> <span class='ocrx_word' id='word_1_123' title='bbox 1241 2263 1291 2335; x_wconf 81' lang='lat' dir='ltr'><strong>est,</strong></span> 
     </span>
     <span class='ocr_line' id='line_1_18' title="bbox 220 2364 1292 2466; baseline -0.003 -26"><span class='ocrx_word' id='word_1_124' title='bbox 220 2383 257 2440; x_wconf 92' lang='lat' dir='ltr'><strong>et</strong></span> <span class='ocrx_word' id='word_1_125' title='bbox 278 2365 522 2466; x_wconf 89' lang='lat' dir='ltr'><strong>superborum</strong></span> <span class='ocrx_word' id='word_1_126' title='bbox 546 2366 736 2439; x_wconf 90' lang='lat' dir='ltr'><strong>insolentia</strong></span> <span class='ocrx_word' id='word_1_127' title='bbox 759 2364 933 2439; x_wconf 83' lang='lat' dir='ltr'><strong>divinitus</strong></span> <span class='ocrx_word' id='word_1_128' title='bbox 956 2364 1140 2464; x_wconf 87' lang='lat' dir='ltr'><strong>castigata</strong></span> <span class='ocrx_word' id='word_1_129' title='bbox 1166 2381 1233 2441; x_wconf 80' lang='lat' dir='ltr'><strong>est.</strong></span> <span class='ocrx_word' id='word_1_130' title='bbox 1248 2364 1292 2437; x_wconf 77' lang='lat' dir='ltr'><strong>tie</strong></span> 
     </span>
     <span class='ocr_line' id='line_1_19' title="bbox 220 2479 1292 2584; baseline -0.003 -26"><span class='ocrx_word' id='word_1_131' title='bbox 220 2485 398 2558; x_wconf 89' lang='lat' dir='ltr'><strong>nimirum</strong></span> <span class='ocrx_word' id='word_1_132' title='bbox 422 2483 515 2557; x_wconf 84' lang='lat' dir='ltr'><strong>filios</strong></span> <span class='ocrx_word' id='word_1_133' title='bbox 543 2484 649 2556; x_wconf 85' lang='lat' dir='ltr'><strong>lsrael</strong></span> <span class='ocrx_word' id='word_1_134' title='bbox 681 2484 719 2557; x_wconf 90' lang='lat' dir='ltr'><strong>in</strong></span> <span class='ocrx_word' id='word_1_135' title='bbox 747 2483 856 2556; x_wconf 89' lang='lat' dir='ltr'><strong>sacris</strong></span> <span class='ocrx_word' id='word_1_136' title='bbox 879 2479 1067 2556; x_wconf 85' lang='lat' dir='ltr'><strong>codicibus</strong></span> <span class='ocrx_word' id='word_1_137' title='bbox 1092 2483 1292 2584; x_wconf 71' lang='lat' dir='ltr'><strong>frequente</strong></span> 
     </span>
     <span class='ocr_line' id='line_1_20' title="bbox 220 2598 1291 2700; baseline -0.004 -25"><span class='ocrx_word' id='word_1_138' title='bbox 220 2603 368 2675; x_wconf 88' lang='lat' dir='ltr'><strong>afflictos</strong></span> <span class='ocrx_word' id='word_1_139' title='bbox 392 2601 568 2700; x_wconf 90' lang='lat' dir='ltr'><strong>legimus,</strong></span> <span class='ocrx_word' id='word_1_140' title='bbox 598 2615 635 2673; x_wconf 90' lang='lat' dir='ltr'><strong>et</strong></span> <span class='ocrx_word' id='word_1_141' title='bbox 662 2601 700 2673; x_wconf 90' lang='lat' dir='ltr'><strong>in</strong></span> <span class='ocrx_word' id='word_1_142' title='bbox 727 2599 828 2674; x_wconf 88' lang='lat' dir='ltr'><strong>bello</strong></span> <span class='ocrx_word' id='word_1_143' title='bbox 857 2601 971 2675; x_wconf 86' lang='lat' dir='ltr'><strong>victos</strong></span> <span class='ocrx_word' id='word_1_144' title='bbox 997 2626 1018 2671; x_wconf 88' lang='lat' dir='ltr'><strong>a</strong></span> <span class='ocrx_word' id='word_1_145' title='bbox 1042 2598 1291 2675; x_wconf 81' lang='lat' dir='ltr'><strong>Philistiimst</strong></span> 
     </span>
     <span class='ocr_line' id='line_1_21' title="bbox 218 2715 1292 2820; baseline -0.006 -27"><span class='ocrx_word' id='word_1_146' title='bbox 218 2720 339 2795; x_wconf 91' lang='lat' dir='ltr'><strong>Edom</strong></span> <span class='ocrx_word' id='word_1_147' title='bbox 362 2736 470 2820; x_wconf 89' lang='lat' dir='ltr'><strong>atque</strong></span> <span class='ocrx_word' id='word_1_148' title='bbox 497 2716 667 2806; x_wconf 89' lang='lat' dir='ltr'><strong>Madian,</strong></span> <span class='ocrx_word' id='word_1_149' title='bbox 697 2718 846 2818; x_wconf 87' lang='lat' dir='ltr'><strong>aliisque</strong></span> <span class='ocrx_word' id='word_1_150' title='bbox 874 2715 1003 2790; x_wconf 87' lang='lat' dir='ltr'><strong>vicinis</strong></span> <span class='ocrx_word' id='word_1_151' title='bbox 1032 2717 1238 2816; x_wconf 78' lang='lat' dir='ltr'><strong>gentibus3</strong></span> <span class='ocrx_word' id='word_1_152' title='bbox 1260 2730 1292 2789; x_wconf 91' lang='lat' dir='ltr'><strong>ut</strong></span> 
     </span>
     <span class='ocr_line' id='line_1_22' title="bbox 218 2834 1291 2937; baseline 0 -26"><span class='ocrx_word' id='word_1_153' title='bbox 218 2853 438 2937; x_wconf 87' lang='lat' dir='ltr'><strong>cogerentur</strong></span> <span class='ocrx_word' id='word_1_154' title='bbox 449 2835 494 2908; x_wconf 92' lang='lat' dir='ltr'><strong>ad</strong></span> <span class='ocrx_word' id='word_1_155' title='bbox 509 2837 627 2909; x_wconf 91' lang='lat' dir='ltr'><strong>Deum</strong></span> <span class='ocrx_word' id='word_1_156' title='bbox 641 2860 783 2932; x_wconf 88' lang='lat' dir='ltr'><strong>semper</strong></span> <span class='ocrx_word' id='word_1_157' title='bbox 799 2856 1008 2923; x_wconf 88' lang='lat' dir='ltr'><strong>recurrere,</strong></span> <span class='ocrx_word' id='word_1_158' title='bbox 1023 2850 1065 2908; x_wconf 86' lang='lat' dir='ltr'><strong>et</strong></span> <span class='ocrx_word' id='word_1_159' title='bbox 1081 2834 1126 2911; x_wconf 89' lang='lat' dir='ltr'><strong>in</strong></span> <span class='ocrx_word' id='word_1_160' title='bbox 1139 2835 1291 2911; x_wconf 66' lang='lat' dir='ltr'><strong>obern·</strong></span> 
     </span>
     <span class='ocr_line' id='line_1_23' title="bbox 220 2952 942 3051; baseline 0.001 -26"><span class='ocrx_word' id='word_1_161' title='bbox 220 2954 322 3027; x_wconf 91' lang='lat' dir='ltr'><strong>tione</strong></span> <span class='ocrx_word' id='word_1_162' title='bbox 339 2952 595 3026; x_wconf 89' lang='lat' dir='ltr'><strong>mandatorum</strong></span> <span class='ocrx_word' id='word_1_163' title='bbox 606 2953 681 3051; x_wconf 89' lang='lat' dir='ltr'><strong>ejus</strong></span> <span class='ocrx_word' id='word_1_164' title='bbox 697 2976 942 3051; x_wconf 87' lang='lat' dir='ltr'><strong>perseverare.</strong></span> 
     </span>
    </p>

    <p class='ocr_par' dir='ltr' id='par_1_3' title="bbox 218 3068 1293 4000">
     <span class='ocr_line' id='line_1_24' title="bbox 270 3068 1289 3172; baseline 0.003 -30"><span class='ocrx_word' id='word_1_165' title='bbox 270 3068 475 3142; x_wconf 86' lang='lat' dir='ltr'><strong>Antiochiae</strong></span> <span class='ocrx_word' id='word_1_166' title='bbox 503 3085 591 3142; x_wconf 92' lang='lat' dir='ltr'><strong>tunc</strong></span> <span class='ocrx_word' id='word_1_167' title='bbox 616 3068 853 3160; x_wconf 83' lang='lat' dir='ltr'><strong>N’Aimarus,</strong></span> <span class='ocrx_word' id='word_1_168' title='bbox 878 3068 1066 3145; x_wconf 88' lang='lat' dir='ltr'><strong>Podiensis</strong></span> <span class='ocrx_word' id='word_1_169' title='bbox 1088 3072 1289 3172; x_wconf 79' lang='lat' dir='ltr'><strong>episcopus,</strong></span> 
     </span>
     <span class='ocr_line' id='line_1_25' title="bbox 219 3184 1289 3288; baseline 0.001 -30"><span class='ocrx_word' id='word_1_170' title='bbox 219 3185 429 3285; x_wconf 69' lang='lat' dir='ltr'><strong>aegrotavit,</strong></span> <span class='ocrx_word' id='word_1_171' title='bbox 439 3200 477 3258; x_wconf 89' lang='lat' dir='ltr'><strong>ct</strong></span> <span class='ocrx_word' id='word_1_172' title='bbox 488 3200 641 3284; x_wconf 83' lang='lat' dir='ltr'><strong>paterno</strong></span> <span class='ocrx_word' id='word_1_173' title='bbox 652 3211 756 3260; x_wconf 91' lang='lat' dir='ltr'><strong>more</strong></span> <span class='ocrx_word' id='word_1_174' title='bbox 766 3184 940 3288; x_wconf 88' lang='lat' dir='ltr'><strong>lugubres</strong></span> <span class='ocrx_word' id='word_1_175' title='bbox 951 3184 1049 3261; x_wconf 86' lang='lat' dir='ltr'><strong>filios</strong></span> <span class='ocrx_word' id='word_1_176' title='bbox 1062 3186 1289 3273; x_wconf 74' lang='lat' dir='ltr'><strong>consumsit,</strong></span> 
     </span>
     <span class='ocr_line' id='line_1_26' title="bbox 219 3303 1291 3411; baseline 0.006 -35"><span class='ocrx_word' id='word_1_177' title='bbox 219 3303 387 3404; x_wconf 76' lang='lat' dir='ltr'><strong>viamque</strong></span> <span class='ocrx_word' id='word_1_178' title='bbox 404 3304 581 3377; x_wconf 83' lang='lat' dir='ltr'><strong>universae</strong></span> <span class='ocrx_word' id='word_1_179' title='bbox 597 3306 716 3379; x_wconf 89' lang='lat' dir='ltr'><strong>carnis</strong></span> <span class='ocrx_word' id='word_1_180' title='bbox 734 3304 959 3406; x_wconf 88' lang='lat' dir='ltr'><strong>ingrediens,</strong></span> <span class='ocrx_word' id='word_1_181' title='bbox 975 3304 1151 3382; x_wconf 82' lang='lat' dir='ltr'><strong>kalendis</strong></span> <span class='ocrx_word' id='word_1_182' title='bbox 1165 3304 1291 3411; x_wconf 73' lang='lat' dir='ltr'><strong>qqgusti</strong></span> 
     </span>
     <span class='ocr_line' id='line_1_27' title="bbox 218 3418 1291 3524; baseline 0.004 -31"><span class='ocrx_word' id='word_1_183' title='bbox 218 3418 264 3493; x_wconf 93' lang='lat' dir='ltr'><strong>ad</strong></span> <span class='ocrx_word' id='word_1_184' title='bbox 275 3420 474 3495; x_wconf 90' lang='lat' dir='ltr'><strong>Dominum</strong></span> <span class='ocrx_word' id='word_1_185' title='bbox 487 3421 670 3521; x_wconf 84' lang='lat' dir='ltr'><strong>migravit.</strong></span> <span class='ocrx_word' id='word_1_186' title='bbox 690 3423 823 3496; x_wconf 89' lang='lat' dir='ltr'><strong>Luctus</strong></span> <span class='ocrx_word' id='word_1_187' title='bbox 839 3422 960 3524; x_wconf 88' lang='lat' dir='ltr'><strong>itaque</strong></span> <span class='ocrx_word' id='word_1_188' title='bbox 980 3422 1291 3501; x_wconf 60' lang='lat' dir='ltr'><strong>immoderantia</strong></span> 
     </span>
     <span class='ocr_line' id='line_1_28' title="bbox 220 3536 1292 3644; baseline 0.01 -35"><span class='ocrx_word' id='word_1_189' title='bbox 220 3552 297 3611; x_wconf 86' lang='lat' dir='ltr'><strong>tota</strong></span> <span class='ocrx_word' id='word_1_190' title='bbox 319 3536 451 3610; x_wconf 84' lang='lat' dir='ltr'><strong>Christi</strong></span> <span class='ocrx_word' id='word_1_191' title='bbox 478 3539 607 3611; x_wconf 90' lang='lat' dir='ltr'><strong>militia</strong></span> <span class='ocrx_word' id='word_1_192' title='bbox 632 3540 744 3613; x_wconf 80' lang='lat' dir='ltr'><strong>lactan</strong></span> <span class='ocrx_word' id='word_1_193' title='bbox 770 3557 843 3633; x_wconf 89' lang='lat' dir='ltr'><strong>est,</strong></span> <span class='ocrx_word' id='word_1_194' title='bbox 871 3541 1050 3643; x_wconf 84' lang='lat' dir='ltr'><strong>quoniam</strong></span> <span class='ocrx_word' id='word_1_195' title='bbox 1076 3543 1162 3644; x_wconf 83' lang='lat' dir='ltr'><strong>ipse</strong></span> <span class='ocrx_word' id='word_1_196' title='bbox 1187 3544 1292 3619; x_wconf 67' lang='lat' dir='ltr'><strong>tran</strong></span> 
     </span>
     <span class='ocr_line' id='line_1_29' title="bbox 220 3653 1292 3757; baseline 0.007 -32"><span class='ocrx_word' id='word_1_197' title='bbox 220 3653 412 3726; x_wconf 90' lang='lat' dir='ltr'><strong>consilium</strong></span> <span class='ocrx_word' id='word_1_198' title='bbox 436 3653 633 3745; x_wconf 89' lang='lat' dir='ltr'><strong>nobilium,</strong></span> <span class='ocrx_word' id='word_1_199' title='bbox 652 3682 731 3756; x_wconf 87' lang='lat' dir='ltr'><strong>spes</strong></span> <span class='ocrx_word' id='word_1_200' title='bbox 757 3657 1027 3757; x_wconf 88' lang='lat' dir='ltr'><strong>orphanorum,</strong></span> <span class='ocrx_word' id='word_1_201' title='bbox 1053 3658 1292 3737; x_wconf 71' lang='lat' dir='ltr'><strong>imbecillium</strong></span> 
     </span>
     <span class='ocr_line' id='line_1_30' title="bbox 219 3773 1293 3860; baseline 0.007 -16"><span class='ocrx_word' id='word_1_202' title='bbox 219 3785 559 3860; x_wconf 84' lang='lat' dir='ltr'><strong>sustentamentum,</strong></span> <span class='ocrx_word' id='word_1_203' title='bbox 588 3773 765 3849; x_wconf 90' lang='lat' dir='ltr'><strong>militibus</strong></span> <span class='ocrx_word' id='word_1_204' title='bbox 791 3775 901 3850; x_wconf 90' lang='lat' dir='ltr'><strong>homo</strong></span> <span class='ocrx_word' id='word_1_205' title='bbox 929 3774 1120 3851; x_wconf 85' lang='lat' dir='ltr'><strong>militaris.</strong></span> <span class='ocrx_word' id='word_1_206' title='bbox 1144 3778 1293 3853; x_wconf 79' lang='lat' dir='ltr'><strong>Clericus</strong></span> 
     </span>
     <span class='ocr_line' id='line_1_31' title="bbox 220 3888 1292 4000; baseline 0.01 -38"><span class='ocrx_word' id='word_1_207' title='bbox 220 3889 433 3964; x_wconf 89' lang='lat' dir='ltr'><strong>clericaliter</strong></span> <span class='ocrx_word' id='word_1_208' title='bbox 449 3888 622 3964; x_wconf 89' lang='lat' dir='ltr'><strong>educebat</strong></span> <span class='ocrx_word' id='word_1_209' title='bbox 640 3909 676 3966; x_wconf 90' lang='lat' dir='ltr'><strong>et</strong></span> <span class='ocrx_word' id='word_1_210' title='bbox 695 3892 888 3987; x_wconf 90' lang='lat' dir='ltr'><strong>educabat,</strong></span> <span class='ocrx_word' id='word_1_211' title='bbox 904 3891 1103 3995; x_wconf 89' lang='lat' dir='ltr'><strong>prudentia</strong></span> <span class='ocrx_word' id='word_1_212' title='bbox 1123 3891 1292 4000; x_wconf 72' lang='lat' dir='ltr'><strong>singulm&#39;</strong></span> 
     </span>
    </p>
   </div>
   <div class='ocr_carea' id='block_1_3' title="bbox 256 4159 491 4230">
    <p class='ocr_par' dir='ltr' id='par_1_4' title="bbox 256 4159 491 4230">
     <span class='ocr_line' id='line_1_32' title="bbox 256 4159 491 4230; baseline 0.017 -23"><span class='ocrx_word' id='word_1_213' title='bbox 256 4160 296 4225; x_wconf 86' lang='lat' dir='ltr'><strong>(t)</strong></span> <span class='ocrx_word' id='word_1_214' title='bbox 314 4159 350 4211; x_wconf 87' lang='lat' dir='ltr'><strong>Le</strong></span> <span class='ocrx_word' id='word_1_215' title='bbox 365 4159 491 4230; x_wconf 82' lang='lat' dir='ltr'><strong>5jnillet.</strong></span> 
     </span>
    </p>
   </div>
   <div class='ocr_carea' id='block_1_4' title="bbox 0 0 1515 5242">
    <p class='ocr_par' dir='ltr' id='par_1_5' title="bbox 0 0 1515 5242">
     <span class='ocr_line' id='line_1_33' title="bbox 0 0 1515 5242; baseline 0 0"><span class='ocrx_word' id='word_1_216' title='bbox 0 0 1515 5242; x_wconf 95' lang='lat' dir='ltr'><strong> </strong></span> 
     </span>
    </p>
   </div>
  </div>
 </body>
</html>
