3046 5244
245 453 353 531 [ross]
618 449 942 515 srnsnocrsvus.
1252 394 1315 517 sss

247 607 317 682 pro
343 581 544 653 multorum
571 578 795 678 perditione,
819 606 912 683 quos
935 608 955 655 a
980 582 1059 684 lege
1081 582 1148 657 llei
1170 580 1316 657 ridebat

246 698 415 771 aberrare
433 723 494 771 sua
515 695 582 769 sub
602 697 875 796 gubernatione.
897 700 940 773 ln·
957 697 1105 775 dioeoesi
1121 727 1182 775 sna
1202 700 1316 774 mults

246 814 461 916 corrigenda
491 815 685 912 perspexit.
719 816 929 891 Peccantem
957 842 1101 917 negem,
1122 832 1317 919 torvosque
1332 838 1348 865 ¹

246 957 416 1033 proceres
428 956 523 1031 saepe
541 933 731 1031 corripuit.
746 933 852 1009 Unde
869 933 1024 1033 plurima
1039 932 1085 1007 ab
1103 935 1155 1009 eis
1169 931 1316 1008 adversa

248 1052 350 1139 tulit,
369 1067 407 1123 et
421 1074 491 1149 pro
502 1050 580 1125 nelo
587 1051 736 1150 justitiae
751 1050 808 1125 bis
821 1052 996 1127 exulavit.
1012 1052 1127 1127 Dictis
1143 1068 1181 1127 et
1191 1075 1316 1126 mun-

246 1168 316 1268 plis
328 1164 542 1240 salutaribus
555 1190 742 1264 perversos
755 1192 876 1241 mores
887 1166 1116 1243 subditorum
1126 1165 1317 1243 emendare

245 1284 403 1373 maduit,
416 1283 477 1357 sed
490 1283 666 1356 obdurata
678 1284 919 1385 quorumdam
935 1286 1137 1386 iniquitate,
1147 1286 1184 1358 in
1193 1283 1318 1358 multis

246 1426 323 1473 non
347 1401 439 1473 sicut
466 1399 636 1473 voluisset
662 1401 827 1498 profecit.
855 1400 1018 1474 Perversi
1045 1400 1199 1501 quippe,
1225 1398 1317 1472 sicut

245 1517 416 1593 Salomon
435 1518 502 1604 ait,
521 1516 665 1593 difficile
682 1517 932 1618 corriguntur,
955 1534 993 1592 et
1013 1518 1207 1593 stultorum
1231 1515 1317 1591 inli-

245 1634 343 1711 nitus
357 1651 410 1707 est
426 1659 610 1707 numerus.

294 1753 336 1825 ln
364 1749 490 1824 diebus
523 1752 593 1825 illis
620 1754 762 1827 lucerna
787 1777 883 1827 verte
909 1753 1107 1827 sanctitatis
1129 1750 1317 1826 obscurius

245 1869 401 1955 micabat
415 1894 507 1969 pene
523 1870 661 1944 cunctis
678 1872 715 1944 in
733 1868 942 1956 ordinibus,
961 1866 1160 1970 mundique
1176 1869 1317 1968 prinei-

244 2011 308 2087 pes
330 2013 414 2059 cum
441 1984 609 2087 subjectis
635 1986 839 2087 agminibus
862 1984 1092 2061 inhaerebant
1117 1983 1318 2061 tenebrosis

245 2101 428 2204 operibus.
443 2103 658 2178 Guillelmus
672 2104 798 2195 Rulm,
813 2103 980 2180 Albionis
994 2130 1073 2193 rex,
1084 2104 1228 2204 juvenis
1239 2117 1319 2177 erat

205 2232 216 2264 ⁴
244 2238 436 2322 protervus
452 2239 489 2295 et
503 2222 668 2315 lascivus,
685 2248 796 2324 quem
808 2224 915 2297 nimis
930 2221 1112 2297 inhianter
1127 2246 1318 2323 proseque—

245 2335 380 2411 bantur
391 2339 533 2438 agmina
552 2339 777 2439 populorum·
795 2336 984 2439 impudicis
1000 2335 1177 2412 moribus.
1195 2337 1318 2435 lmpe·

245 2453 359 2528 riosus
385 2471 421 2528 et
444 2454 558 2529 audax
583 2473 692 2558 atque
717 2456 883 2530 militaris
908 2471 1005 2543 erat,
1024 2470 1061 2528 et
1083 2453 1317 2528 multitudine

244 2574 403 2647 militum
420 2599 593 2674 pompooe
611 2572 843 2674 tripudiabat.
869 2572 1012 2646 Militioe
1031 2572 1146 2646 titulis
1164 2571 1318 2671 applau'-

243 2688 369 2780 debat,
399 2691 538 2792 illisque
562 2707 713 2791 propter
736 2694 866 2767 fastum
893 2689 1103 2764 saecsalarem
1124 2686 1318 2763 admodum

243 2808 397 2883 larebat.
413 2809 585 2909 Pagenses
598 2827 724 2885 contra
742 2810 875 2885 milites
885 2807 1077 2882 defendere
1091 2805 1316 2907 negligebat,
1349 2848 1356 2853 -

245 2950 403 3026 qnorum
422 2928 686 3026 possessionesa
704 2929 775 3001 suis
793 2925 972 3001 tironibus
984 2941 1020 2998 et
1040 2924 1228 3023 armigeris
1244 2924 1318 2997 im-

246 3067 343 3142 pune
360 3042 533 3116 devastari
548 3042 794 3142 permittebat.
814 3043 965 3117 'lenacia
982 3042 1187 3129 memoriae,
1205 3056 1243 3112 ct
1255 3065 1318 3112 an-

244 3158 362 3235 dentis
374 3160 418 3234 ad
432 3161 570 3235 bonum
587 3188 648 3235 seu
661 3163 797 3235 malum
811 3160 1008 3235 voluntatis
1021 3176 1111 3233 erat.
1127 3156 1319 3232 Terribilis

244 3276 386 3351 mribus
402 3295 439 3350 et
456 3278 668 3351 latrunculis
690 3274 921 3364 imminebat,
941 3300 1135 3375 pacemque
1155 3298 1316 3348 serenam

245 3420 313 3496 per
325 3394 520 3495 subjectam
535 3396 722 3496 regionem
732 3394 868 3469 serrari
880 3394 1045 3467 valenter
1057 3390 1220 3493 cogebat.
1235 3390 1320 3465 0m·

246 3541 309 3591 nes
327 3517 460 3589 incolas
471 3517 575 3615 regni
589 3514 642 3587 sui
659 3529 723 3587 aut
734 3512 850 3587 illexit
863 3511 1046 3611 largitate,
1061 3525 1124 3583 sut
1139 3532 1319 3608 compres-

245 3636 292 3709 sit
311 3636 447 3707 virtnte
470 3650 508 3707 et
533 3649 695 3719 terrore,
714 3648 757 3705 ut
780 3630 901 3705 nullus
919 3644 1047 3704 eontra
1064 3654 1146 3702 eum
1171 3626 1319 3701 auderet

246 3752 369 3855 aliquo
380 3751 493 3826 modo
505 3752 653 3824 mutire.

294 3869 363 3941 lX.
377 3867 618 3945 confirmatus
631 3868 751 3968 itaque
761 3868 798 3940 in
808 3890 936 3967 regno,
955 3881 1090 3939 turmas
1100 3864 1315 3963 optimatum

247 3986 388 4074 ascivit,
403 4003 441 4058 et
456 3985 672 4059 Guentonioe
686 3986 742 4082 (a)
754 3985 998 4084 congregatis,
1010 4007 1092 4083 quoe
1107 3978 1319 4053 intrinsecus

280 4248 319 4315 (s)
334 4246 525 4301 winchester.
