3046 5244
225 435 337 516 [roni]
598 437 712 498 traua
734 438 922 499 otnrrus.
1232 442 1292 501 aar

226 568 436 641 mortalium
460 584 607 639 eventus
633 568 794 668 elegiacis
814 566 929 640 modis
949 568 1152 642 luculenter
1174 568 1293 643 deno·

227 685 327 757 tavit.
361 684 431 755 atii
459 710 603 784 quoque
631 685 753 784 plures
777 685 925 758 litterati
952 685 1120 784 sophistae
1145 710 1295 786 magnos

225 815 369 902 questus
386 799 617 898 protulerunt
638 801 683 873 de
707 799 850 901 flagitiis
864 818 900 875 et
918 803 1088 876 aerumnis
1104 801 1207 903 hujus
1223 827 1295 875 ste-

227 919 319 1006 culi3
339 944 428 1019 quos
445 933 584 991 secutus
603 919 640 991 in
656 920 825 1017 praesenti
841 919 1014 1018 opusculo
1034 918 1196 993 breuiter
1215 944 1297 993 me-

228 1037 337 1123 mini,
360 1060 434 1134 quo
455 1051 617 1133 tempore
639 1036 689 1109 cis
714 1033 823 1134 Alpes
847 1037 961 1135 coepit
984 1038 1117 1136 ineptia
1142 1036 1296 1136 pigatia-

229 1179 325 1241 rum,
338 1168 375 1224 et
385 1149 562 1250 superllua
573 1152 759 1251 prolixitas
771 1153 1000 1251 capillorum,
1012 1170 1120 1254 atque
1129 1154 1294 1241 restium,

229 1286 335 1343 terrie
352 1267 473 1343 sordes
488 1269 620 1341 lrustra
637 1271 876 1368 scopantium.

277 1384 329 1458 De
347 1387 533 1458 sanctitate
550 1402 587 1458 et
608 1386 791 1458 miraculis
807 1385 1023 1460 Sanctorum
1041 1387 1186 1461 mallem
1204 1387 1296 1460 scri-

228 1499 314 1574 bere
338 1501 454 1575 multo
480 1501 667 1589 libentius,
693 1530 802 1603 quam
826 1501 872 1576 de
893 1503 998 1604 nugis
1019 1505 1296 1593 infrunitorum,

227 1619 437 1720 frivolisque
450 1619 764 1719 nepotationibus(
770 1624 818 1719 r),
829 1621 858 1694 si
872 1621 1055 1720 principes
1065 1621 1181 1696 nostri
1191 1636 1228 1694 et
1235 1646 1299 1693 an·

231 1737 357 1809 tistites
383 1738 515 1811 sanctis
543 1738 700 1836 perfecte
730 1739 907 1811 instarent
936 1735 1232 1823 charismatibus,
1263 1751 1300 1808 et

230 1850 403 1951 prodigiis
428 1853 630 1952 pollerent,
650 1853 876 1928 sanctitatem
901 1852 1204 1952 praeconantibus.
1234 1850 1300 1923 Ast

229 1995 296 2069 ego
313 1971 387 2041 vim
406 1971 496 2057 illis,
517 1986 556 2042 ut
571 1969 853 2059 sanctificentur,
872 1970 1006 2044 inferre
1022 1996 1175 2071 nequeo.
1196 1966 1299 2043 Unde

230 2085 284 2159 his
296 2088 451 2175 omissis,
467 2113 575 2186 super
588 2086 713 2177 rebus,
728 2114 810 2189 quse
823 2086 934 2176 frunt,
949 2112 1112 2161 veracem
1126 2086 1298 2160 dictatum

228 2206 332 2277 facio.
354 2204 459 2276 Nunc
475 2222 594 2277 autem
613 2204 657 2277 ad
677 2206 895 2279 narrationis
910 2203 1076 2278 ordinem
1094 2202 1215 2277 redeo.

279 2320 346 2392 Xl.
377 2321 486 2395 rlnno
512 2320 559 2393 ab
581 2322 827 2396 incarnatione
850 2321 995 2396 Domini
1029 2336 1156 2410 st⁰xc⁰,
1182 2318 1299 2394 indic-

232 2440 330 2512 tione
343 2451 458 2527 x·1n·,
475 2439 697 2513 Cenomanni
713 2455 839 2514 contra
857 2438 1088 2513 Normannos
1107 2437 1301 2511 rebellave-

230 2571 336 2638 runt,
362 2557 552 2657 ejectisque
572 2555 778 2630 custodibus
799 2580 924 2629 eorum
948 2554 994 2630 de
1016 2554 1297 2644 munitionibus,

232 2701 366 2747 novum
383 2675 585 2773 principem
599 2673 666 2747 sibi
682 2675 959 2749 constituerunt.
976 2674 1068 2748 Nam
1082 2674 1144 2775 qui
1159 2673 1301 2746 vivente

231 2789 426 2863 Guillelmo
444 2816 528 2890 rege
545 2808 671 2865 contra
689 2817 771 2864 eum
791 2791 967 2865 rebellare
982 2791 1166 2864 multoties
1182 2790 1301 2864 eonati

232 2922 335 2992 suist,
371 2907 446 3003 ipso
478 2925 623 2980 mortuo
653 2910 773 2980 statim
801 2906 845 2981 de
875 2905 1074 2980 rebellione
1102 2905 1300 2979 machinari

232 3040 437 3121 coeperunt.
455 3026 687 3122 legationem
711 3027 819 3124 igitur
839 3024 921 3098 liliis
944 3024 1113 3113 Aesonis,
1135 3021 1300 3096 marchisi

234 3141 387 3240 Liguriae
406 3148 472 3237 (ar,
486 3141 715 3231 direxerunt,
728 3144 850 3242 eisque
866 3142 959 3214 velle
975 3169 1078 3215 suum
1099 3141 1303 3214 intimantes

234 3282 297 3355 per
314 3258 471 3357 legatum
485 3258 656 3332 dixerunt
672 3289 680 3330 ε
698 3261 777 3331 Cur
788 3278 863 3331 tarn
875 3286 1003 3358 segnes
1017 3277 1051 3331 et
1065 3261 1191 3357 t'g'nuttt'
1203 3260 1299 3347 estis,

235 3392 271 3445 ut
290 3375 528 3447 hereditatem
545 3393 702 3448 cestrum
716 3401 790 3449 non
801 3380 989 3475 repetatis,
1006 3402 1118 3475 quum
1131 3402 1198 3448 nos
1211 3374 1304 3449 ultro

232 3514 415 3561 tentamus
438 3489 569 3563 vobis?
586 3492 726 3562 Mortui
745 3507 829 3562 sunt
847 3516 970 3563 ontrres
996 3492 1303 3565 Cenomaeutensis

231 3607 462 3704 principatus
493 3606 645 3705 legitimi
673 3604 819 3678 heredes
826 3661 839 3695 ,
864 3607 1022 3705 jamque
1050 3605 1173 3681 trullus
1202 3604 1304 3677 nobis

234 3725 387 3792 vicinior
400 3739 453 3793 est
462 3722 576 3794 lieres.
597 3722 818 3795 Guillelmus
833 3725 958 3812 etiam,
976 3723 1156 3796 uiolentus·
1172 3723 1305 3793 resulto-

267 4012 277 4077 (
284 4014 307 4078 t)
319 4012 360 4063 (Ie
374 4022 448 4074 mot,
461 4029 510 4084 qni
522 4030 592 4065 nisus
607 4014 695 4083 parnt
707 4014 767 4068 titre
780 4013 816 4068 ‹le
828 4015 852 4069 la
866 4016 989 4069 crastiua
1002 4015 1036 4069 dr
1049 4026 1130 4070 trouu
1141 4023 1249 4079 auteur,
1265 4024 1307 4067 est

236 4099 409 4153 rlslblemt’ut
426 4118 577 4171 suttonyntt·
589 4104 624 4153 tle
639 4112 786 4171 terpretatur
802 4130 808 4153 :
825 4104 1001 4176 prodigalite.

271 4192 279 4241 l
283 4193 310 4257 a)
322 4195 413 4249 ileon,
429 4194 550 4264 rrturqnis·
562 4193 597 4247 de
609 4195 734 4262 Ligurir.
749 4194 849 4247 secuisti
861 4196 929 4248 artari
942 4193 976 4246 tlt·
990 4193 1149 4249 Gcrsendr,
1166 4193 1220 4247 lille
1230 4195 1308 4247 sinin

237 4278 626 4339 d·tter-trrt-t‘s‹atta-tlara.
644 4294 735 4336 cirintr
750 4283 788 4335 tln
808 4285 906 4337 llalnr.
