3046 5244
114 427 223 503 [roan
484 422 602 483 tmen
622 410 810 485 octavus.
1120 434 1176 493 aar

117 557 312 641 rebantur,
357 572 395 626 ut
441 559 573 628 mutuis
617 556 845 631 conflictibus
883 559 1046 634 finitimae
1086 563 1184 639 sedes

113 675 443 773 frequentarentur,
468 691 504 745 et
521 675 728 772 rapacitates
750 702 831 747 cum
855 677 1027 750 incendiis
1050 681 1185 756 irreve-

115 793 207 864 renti
228 808 359 863 conatu
375 793 611 889 agitarentur.
631 791 797 864 Graviter
814 792 884 866 hoc
906 797 1015 868 sentit
1038 813 1073 868 et
1094 798 1182 872 mibi

114 926 301 983 attestatur
316 910 529 1008 depopulata
553 911 672 1009 regio,
691 928 727 983 et
750 937 896 1009 gemens
911 912 1100 988 viduarum
1118 916 1184 991 de-

114 1026 333 1127 biliumque,
355 1027 518 1124 pluribus
535 1054 701 1127 oppressa
723 1030 843 1119 malis,
864 1032 1005 1103 concio.
1033 1035 1090 1107 Sic
1117 1063 1184 1134 per

113 1144 281 1216 desidiam
297 1145 413 1243 ignari
431 1143 530 1215 ducis
549 1145 584 1215 in
602 1144 702 1217 brevi
721 1143 903 1244 disperiit,
917 1164 954 1221 et
968 1149 1002 1220 in
1017 1176 1185 1251 magnam

111 1278 302 1360 egestatem
317 1290 356 1333 ae
371 1261 682 1358 perturbationem
699 1262 921 1365 dedecusque
939 1267 1066 1340 cecidit
1083 1269 1186 1370 quid·

114 1379 200 1479 quid
218 1404 283 1477 per
303 1380 526 1451 vivacitatem
544 1378 774 1499 studiumqtf
796 1383 936 1455 solertis
957 1384 1033 1458 lreri
1051 1403 1087 1459 et
1104 1390 1186 1461 fau·-

114 1515 233 1569 torum
256 1499 330 1595 ejus
346 1513 466 1568 aetum
490 1513 560 1586 est,
581 1497 763 1599 longoque
781 1516 946 1598 tempore
964 1503 1001 1575 in
1021 1502 1185 1579 Neustria

114 1630 350 1713 propagatum
367 1631 432 1685 est.

160 1736 200 1805 ln
214 1749 349 1821 aestate,
362 1749 550 1833 postquam
560 1750 678 1806 certus
687 1733 869 1807 rumorde
880 1735 1080 1836 Rolfensis(
1087 1736 1187 1837 r)de·

112 1851 248 1925 ditione
259 1854 347 1924 citra
363 1878 462 1924 marc
476 1853 676 1951 personuit,
694 1853 870 1924 Henrieus
883 1853 992 1944 Clito,
1009 1855 1186 1929 Constan-

114 1971 273 2041 tiniensis
292 1996 432 2055 eomes,
453 1971 488 2042 in
509 1970 677 2069 Angliam
697 1971 959 2061 transfretavit,
979 1988 1017 2045 et
1037 2000 1056 2044 a
1076 1975 1187 2048 fratre

112 2113 174 2160 suo
193 2103 327 2158 terram
344 2088 468 2158 matris
487 2112 559 2158 sure
577 2085 777 2184 requisivit.
796 2086 873 2158 Rex
891 2104 1011 2159 autem
1029 2087 1187 2162 Guillel-

112 2231 190 2275 mus
208 2203 416 2303 benigniter
440 2230 542 2292 eum,
563 2220 604 2274 ut
620 2201 742 2276 decuit
764 2202 934 2292 fratrem,
958 2207 1129 2304 suscepit,
1149 2223 1187 2281 ct

111 2320 207 2420 quod
232 2337 374 2418 poterat
392 2323 448 2417 (a)
465 2323 625 2392 fraterne
649 2320 837 2394 concessit.
864 2320 1003 2394 Deinde
1031 2323 1187 2420 peractis

111 2465 178 2535 pro
196 2438 326 2538 quibus
353 2439 459 2522 ierat,
488 2439 526 2510 in
544 2453 720 2511 autumno
744 2437 821 2536 regi
844 2437 1027 2528 valefecit,
1047 2455 1083 2511 et
1103 2466 1186 2514 cum

111 2556 296 2630 liodberto
308 2559 537 2643 belesmensi,
550 2557 611 2656 qui
621 2558 695 2654 jam
708 2581 774 2655 per
783 2556 917 2629 amicos
927 2573 1092 2655 potentes
1102 2582 1188 2631 cum

109 2701 192 2774 rege
208 2674 412 2774 pacificatus
430 2693 527 2762 erat,
547 2677 582 2746 in
603 2674 867 2747 Norrnanniam
884 2699 1045 2748 remeare
1061 2673 1187 2774 dispo-

110 2795 190 2864 suit.
225 2795 363 2864 lnttrea
388 2791 536 2891 quidam
563 2792 725 2864 malivoli
751 2789 941 2864 discordiae
967 2807 1101 2865 satores
1128 2816 1189 2866 eos

109 2913 413 3008 anticipaverunt,
438 2927 474 2980 et
492 2911 576 2981 falsa
599 2911 694 2982 veris
718 2908 977 2998 immiscentes,
1001 2908 1188 2984 Rodberto

108 3025 187 3098 duci
220 3027 526 3099 denuntiaverunt
554 3023 651 3125 qnod
677 3026 853 3098 Henrieus
880 3024 992 3098 frater
1023 3052 1124 3116 suus,
1152 3041 1189 3099 et

112 3143 313 3216 Radbertus
327 3145 560 3215 belesmensis
570 3170 652 3215 cum
669 3168 751 3240 rege
766 3143 859 3215 Ruso
870 3158 986 3215 essent
997 3142 1185 3241 pacificati,

110 3287 148 3331 ae
176 3258 220 3330 ad
254 3259 353 3331 ducis
379 3259 553 3331 damnum
589 3259 800 3330 sacramenti
832 3258 941 3328 etiam
965 3257 1188 3356 obligatione

110 3377 358 3449 confoederati.
377 3379 456 3448 Dux
476 3377 599 3474 igitur,
623 3375 703 3446 illos
722 3391 887 3472 potentes
912 3402 952 3446 ac
974 3376 1188 3450 fortissimos

111 3496 241 3567 milites
259 3498 390 3584 sciens,
409 3520 609 3594 eorumque
628 3511 776 3566 conatus
793 3493 897 3565 valde
909 3493 1185 3605 pertimescens,

112 3637 192 3683 cum
220 3614 402 3711 Bajocensi
432 3613 602 3710 episcopo
621 3609 812 3682 consilium
842 3609 940 3699 iniit,
966 3611 1188 3708 etproefatos

111 3732 299 3826 optimates
312 3731 592 3827 praeoccupavit.
614 3728 726 3816 Nam,
747 3744 940 3827 antequam
954 3729 1091 3828 aliquid
1105 3754 1185 3800 mo·

114 3845 280 3934 licentur,
297 3875 379 3919 cum
394 3850 506 3920 securi
524 3847 567 3919 ad
584 3848 682 3918 littus
695 3846 804 3917 maris
816 3845 861 3919 de
876 3845 1028 3917 navibus
1040 3844 1187 3944 egrede-

114 3980 251 4052 rentur,
263 3965 378 4037 valida
391 3967 547 4036 militnm
557 3992 664 4036 mauu
675 3965 790 4045 missa,
800 3964 879 4035 illos
891 3960 1179 4060 comprehcndit,

150 4159 185 4223 (r)
200 4158 317 4228 ,ljnutez
334 4185 337 4189 ·
354 4160 457 4228 oppidi.

150 4247 187 4309 (a)
203 4243 276 4297 Liscz
313 4253 456 4312 petierint.
