3046 5244
77 465 185 543 [ross]
444 463 562 525 traua
582 463 771 526 omarus.
1081 467 1141 530 aar

79 622 162 668 nem
191 597 245 693 (r)
273 593 434 683 tenebat,
459 612 495 667 et
522 596 680 667 venienti
706 595 786 691 duci
815 620 898 668 cum
922 598 1050 670 turmis
1076 600 1148 670 suis

79 715 211 785 acriter
224 711 420 804 resistebat.
442 711 493 783 lbi
509 712 710 784 Osmundus
723 711 767 785 de
780 714 953 812 Gaspreio
971 716 1025 813 (a)
1035 770 1046 804 ,
1067 716 1150 813 pul-

80 829 279 901 cherrimus
301 828 402 899 miles
424 844 460 899 et
484 827 726 915 honorabilis,
752 828 909 900 kalendis
936 828 1149 928 septembri·

83 945 147 1017 bus
170 947 305 1018 occisus
330 961 395 1017 est.
420 946 526 1044 Cujus
550 973 680 1044 corpus
707 946 753 1017 ab
782 946 944 1019 Ernaido
968 946 1149 1021 monacho

83 1064 226 1135 Uticam
238 1060 429 1133 deductum
441 1078 507 1149 est,
521 1079 557 1134 et
570 1062 605 1134 in
617 1063 760 1160 porticu
772 1080 856 1136 ante
869 1064 985 1136 valvas
996 1065 1152 1137 ecclesioe

84 1183 260 1278 sepultum
273 1196 339 1250 est.

88 1391 90 1395 ¹
132 1298 216 1369 Post
240 1298 394 1395 plurima
413 1295 541 1371 damna
564 1300 749 1399 utriusque
766 1301 897 1398 partis,
919 1300 1154 1372 Baiaonenses

84 1442 204 1514 pacem
229 1443 311 1487 cum
333 1416 422 1488 duce
444 1418 625 1505 fecerunt,
645 1432 681 1489 et
697 1416 927 1516 postmodum
951 1418 1152 1490 Normanui

84 1531 187 1602 simui
206 1559 246 1603 ac
259 1533 571 1605 Cenomannenses
585 1560 666 1605 cum
682 1533 773 1605 duce
789 1549 946 1605 castrum
959 1534 1077 1605 Sancti
1093 1533 1156 1605 Ce-

87 1649 196 1719 renici
209 1651 264 1745 (ὃ)
274 1647 506 1721 obsederunt.
518 1648 571 1720 lbi
584 1650 715 1722 familia
731 1648 906 1723 liodberti
922 1650 1157 1721 belesmensis

86 1782 177 1852 erat,
200 1769 255 1838 cui
284 1765 488 1839 Radbertus
505 1766 717 1859 Quadrelius
736 1769 810 1864 (4),
838 1769 1033 1839 acerrimus
1057 1766 1158 1838 miles

86 1899 119 1952 et
136 1882 253 1953 muita
265 1885 390 1982 rigore
404 1885 635 1982 conspicuus,
655 1902 830 1982 praeerat,
846 1886 906 1984 qui
924 1883 1069 1957 hortatu
1089 1884 1159 1956 Ro·

87 2001 174 2098 gerii
204 2003 348 2073 comitis'
371 2001 617 2074 obsidentibus
640 2004 784 2077 sortiter
811 2001 989 2076 obstabat.
1024 2003 1159 2075 Verum

87 2115 272 2189 deficiente
296 2119 464 2190 alimonia
495 2136 648 2191 castrum
673 2137 818 2216 captum
841 2136 911 2207 est,
934 2137 970 2191 et
992 2120 1161 2217 praefatus

88 2235 272 2331 municeps
281 2237 381 2330 jussu
398 2237 477 2307 irati
496 2235 595 2307 ducis
608 2238 774 2335 protinus
787 2237 900 2308 oculis
914 2237 1075 2333 priuatus
1092 2252 1156 2307 est.

91 2350 178 2422 Aliis
191 2378 336 2451 quoque
348 2352 532 2452 pluribus,
552 2355 612 2453 qui
633 2354 895 2426 contumaciter
912 2351 1045 2424 ibidem
1060 2354 1160 2424 resti·

92 2481 209 2538 terant
231 2469 386 2566 principi
414 2469 668 2557 Narmannioe‚
687 2468 890 2541 debilitatio
912 2465 1160 2539 membrorum

93 2582 226 2655 inssieta
244 2602 357 2657 estex
378 2586 553 2658 sententia
573 2586 697 2659 curiae.

138 2703 242 2774 Tunc
256 2702 446 2774 Gausridus
460 2703 695 2776 Madeniensis
707 2730 788 2775 cum
806 2699 1163 2776 cenomannensibus

93 2817 247 2889 tribunis
258 2817 301 2889 ad
313 2818 440 2891 ducem
450 2822 607 2908 accessit,
622 2823 725 2918 eique
736 2819 963 2893 Rodbertum
975 2821 1161 2905 Geroium,

95 2934 266 3006 Radberti
286 2936 453 3009 Geroiani
474 2938 610 3026 filium,
636 2939 865 3035 praesentavit
886 2969 893 3008 :
915 2940 1004 3027 Iste,
1026 2939 1164 3036 inquit,

94 3058 163 3141 uir,
177 3055 322 3125 donuae
336 3056 438 3144 dux,
459 3057 697 3128 consobrinus
712 3075 795 3127 tuus
814 3074 866 3128 est
878 3057 953 3152 (5),
969 3075 1002 3127 et
1016 3061 1054 3126 in
1068 3058 1169 3155 Apu·

96 3170 144 3240 tia
169 3200 251 3243 cum
265 3174 480 3270 laurentibus
499 3179 588 3262 (ταὶς,
609 3177 674 3273 qui
689 3201 828 3272 magua
852 3175 983 3244 ibidem
1001 3178 1166 3274 potentia

95 3287 249 3382 pollent,
260 3291 344 3387 jam
364 3280 506 3361 (ludunt
520 3308 753 3363 conversatus
765 3309 827 3361 est.
847 3290 961 3361 Nunc
975 3307 1096 3360 nutem
1113 3287 1169 3359 ad

99 3421 148 3481 te,
177 3406 365 3479 (lonn'num
392 3437 498 3480 sturm
522 3426 555 3479 et
582 3410 918 3505 consanguineum,
933 3406 1172 3504 fiducialiter

132 3713 140 3753 ·‘
148 3715 169 3779 r)
184 3714 219 3763 ir
233 3715 348 3765 clnitrau
364 3714 398 3766 tir·
415 3716 517 3769 Ballou.

134 3806 165 3869 'a'
183 3803 311 3874 Caprea,
324 3816 424 3858 canton
439 3805 473 3857 tir
487 3807 664 3859 Cortrtomrr:

135 3890 168 3959 '3'
184 3896 218 3945 [a
231 3895 345 3946 rinitran
359 3895 394 3947 dr
407 3897 613 3950 saint-(lenem.

134 3986 170 4047 (js
190 3985 229 4034 tlt·
247 3983 352 4036 itabat-t
366 3987 484 4051 Quarto!
498 3989 670 4057 appartenuit
687 3986 894 4058 prtrbablemtnt
910 3990 924 4038 ir
940 3986 964 4037 ta
978 3984 1079 4039 tanath·
1093 3987 1141 4051 qui
1156 4004 1169 4034 a

105 4068 176 4122 laissa
188 4092 235 4125 son
252 4095 315 4127 nom
332 4080 344 4127 ξι
362 4077 659 4144 {imbres-la-Quarrrl
674 4090 701 4130 rt
715 4082 728 4130 a
744 4076 1044 4142 buniam-infitianti
1058 4077 1169 4131 (arnur-

106 4156 247 4214 unsrmrnt
264 4164 297 4213 tis·
316 4166 459 4232 iiantrrsj.

150 4252 161 4293 i
191 4253 280 4303 boant,
297 4255 447 4312 ‹t-tirzutn,
464 4267 482 4306 Ι.
501 4257 537 4311 Η.
558 4277 583 4327 Γ.
600 4264 633 4307 ’.Ἠ
