3046 5244
64 426 173 503 [root]
442 414 558 477 uranu
578 410 766 475 ocrsvns.
1072 410 1131 471 aar

112 551 230 627 xvrt.
255 548 350 644 Quid
377 551 413 623 in
438 549 644 648 episcopatu
661 543 871 619 lexoviensi
892 544 929 616 in
948 540 1065 641 capite
1078 542 1136 641 ja-

60 673 177 747 nuarii
202 672 256 766 (ι)
283 666 478 766 contigerit
497 664 639 738 cuidam
662 663 890 763 presbytero,
907 677 1135 759 praetereun-

63 790 151 863 dum
183 814 256 859 nou
290 786 447 870 aestimo,
477 809 542 856 uec
568 782 881 881 comprimendum
907 779 1064 852 silentio.
1092 778 1133 850 Ιιι

66 906 170 991 villa,
189 928 271 1002 qnae
284 900 488 972 Bouaraltis
502 898 635 971 dicitur
655 900 730 995 (a),
744 897 996 970 Guatchetmus
1014 920 1135 967 saeer-

64 1022 129 1095 dos
143 1037 240 1105 erat,
261 1046 322 1118 qm
313 1018 496 1090 ecclesiae
514 1017 625 1089 sancti
647 1016 770 1089 Albini
791 1013 1074 1112 burdegarensis,
1092 1036 1136 1083 ex

65 1136 246 1212 monacho
263 1136 417 1233 episcopi
436 1150 473 1204 et
489 1160 557 1205 con
559 1134 752 1229 sessoris(5
756 1142 788 1229 ),
810 1128 1044 1205 deserviebat.
1068 1128 1136 1201 Hic

64 1284 162 1329 anno
173 1254 392 1327 Dommreae
386 1254 642 1325 ruminationis
656 1278 679 1324 ,ιι
683 1264 798 1325 ⁰x⁰c1⁰
811 1279 847 1323 m
858 1266 974 1350 eapite
982 1275 1109 1349 januar
1112 1276 1134 1320 ιι

65 1371 256 1445 accersitus
265 1422 275 1455 ,
291 1384 330 1440 ut
344 1369 436 1439 ratio
451 1368 582 1465 exigit,
597 1368 787 1468 quemdam
804 1382 981 1467 agrotum
1001 1367 1036 1439 in
1055 1364 1139 1437 ulti·

66 1490 133 1561 mis
151 1484 352 1586 parrochiae
363 1511 435 1558 suae
451 1485 613 1557 terminis
625 1502 735 1558 noctu
749 1484 916 1557 visitavit.
934 1483 1039 1556 Unde
1048 1481 1137 1555 dum

66 1607 162 1680 solus
179 1605 333 1691 rediret,
351 1620 386 1674 rt
404 1604 510 1701 louge
522 1601 569 1674 ab
586 1602 773 1676 bominum
786 1601 1007 1675 habitatione
1021 1624 1138 1675 temo·

68 1742 124 1799 tus
144 1726 229 1809 iret,
252 1724 434 1821 urgentem
451 1724 642 1821 strepitum
668 1723 767 1795 reiut
791 1722 937 1793 maximi
961 1720 1138 1794 exercitus

67 1838 325 1938 crapitaudire,
343 1856 378 1910 et
388 1838 558 1911 familiam
570 1837 744 1911 ttodberrt
757 1838 988 1911 Betesmeusis
1000 1838 1138 1935 putavit

67 1986 160 2046 esse,
191 1984 272 2058 quae
299 1958 484 2030 festinaret
511 1960 702 2031 Cur-coium
730 1955 897 2030 obsidere
928 1956 1000 2053 (a).
1036 1957 1135 2028 Luna

66 2078 201 2177 quippe
218 2090 339 2146 octava
368 2077 403 2145 iu
429 2075 533 2173 signo
550 2076 669 2147 arietis
690 2091 776 2148 tuuc
796 2076 891 2148 clare
911 2072 1082 2159 micabat,
1102 2088 1139 2144 et

67 2190 313 2293 gradientibus
343 2192 412 2263 iter
439 2189 721 2263 demonstrabat.
755 2192 924 2264 Praefatus
950 2189 1137 2290 presbyter

67 2326 145 2381 erat
157 2310 315 2407 juvenis,
336 2306 449 2379 audax
469 2324 505 2379 et
526 2309 649 2396 sortis,
669 2334 824 2408 corpore
841 2334 992 2407 magnus
1008 2323 1045 2379 et
1061 2306 1137 2405 agi-

69 2428 126 2499 tis.
159 2425 327 2498 Audito
319 2442 437 2526 itaque
464 2426 621 2499 tumultu
647 2428 920 2525 properantium
945 2426 1081 2512 timuit,
1101 2439 1138 2495 et

69 2546 225 2644 plurima
241 2570 360 2615 seeum
377 2546 676 2643 tractarecoepit:
692 2550 903 2643 aufugeret,
919 2542 1138 2618 neariiibus

71 2662 230 2759 parasitis
258 2659 500 2747 invaderetur
529 2678 566 2734 et
595 2662 781 2736 inhoneste
815 2663 1049 2761 spoliaretur,
1077 2676 1139 2732 aut

71 2778 224 2852 validam
240 2806 388 2850 manum
403 2806 470 2878 pro
485 2778 689 2854 defensione
703 2781 755 2852 sui
773 2782 944 2880 erigeret,
966 2779 993 2852 si
1016 2776 1061 2849 ab
1076 2778 1139 2849 aii·

73 2923 144 2997 quo
169 2899 415 2993 impeteretur.
445 2896 604 2970 Tandem
632 2915 788 2998 quatuor
814 2898 998 2997 mespileas
1027 2894 1139 2967 arbo-

74 3040 127 3085 res
141 3016 195 3110 (ὕ)
210 3015 244 3084 iu
261 3040 362 3113 agro,
378 3014 505 3111 procui
521 3042 540 3086 a
555 3015 658 3102 calle,
679 3016 879 3114 prospexit,
896 3016 941 3089 ad
954 3040 1041 3115 quas
1055 3014 1139 3086 lati-

109 3314 145 3374 40.
161 3312 225 3376 Quo
238 3307 263 3358 Ιι·
276 3308 415 3361 studiant
429 3307 476 3359 dra
489 3307 561 3361 dorm
577 3308 720 3361 brriterait
735 3308 784 3361 das
799 3298 872 3361 t'tun
885 3308 920 3361 de
933 3308 1038 3362 t'autm.

108 3400 188 3450 (lette
201 3398 366 3449 corruentiou
381 3396 419 3449 sut
433 3398 514 3467 jurio
527 3416 576 3469 par
588 3396 676 3451 dormo
690 3396 790 3450 irarum
801 3395 836 3449 de
850 3398 957 3471 chaque
970 3397 1040 3451 riute.

107 3489 144 3555 (t,
160 3487 197 3539 Le
215 3496 248 3535 1⁰⁰
257 3487 373 3556 jamier.

105 3581 144 3648 (a)
156 3577 347 3633 saint-:iabiu
362 3577 396 3631 de
411 3577 562 3643 donared,
576 3588 655 3631 entre
668 3578 762 3633 Orbec
775 3589 804 3631 et
816 3578 841 3631 ir
853 3578 917 3651 sap.

108 3666 145 3737 ’3)
158 3668 236 3724 Saint
250 3667 356 3733 stultia,
371 3668 474 3741 (ireque
488 3668 624 3741 d’rtngers
637 3680 684 3733 (ν’
699 3687 772 3723 mars
784 3666 859 3735 550).

108 3760 147 3830 (4)
160 3760 199 3813 Oe
214 3758 309 3811 n'etait
321 3776 367 3829 pas
380 3757 405 3811 le
417 3757 545 3825 chemin,
561 3760 629 3813 umis
642 3759 667 3812 la
679 3776 750 3833 peut·
762 3760 834 3813 aruit
846 3759 909 3832 dej'a
921 3758 1032 3813 trouble
1046 3759 1071 3813 la
1083 3758 1138 3814 teto

78 3846 112 3901 du
125 3848 180 3903 bon
195 3852 270 3901 eure.

106 3938 145 4007 (⁵)
158 3941 265 4005 Quatre
280 3937 440 4010 arrimpines.
458 3940 493 3993 Le
507 3941 636 3993 sotrrenir
653 3939 688 3995 de
704 3951 777 3996 cette
792 3940 880 3997 vision
893 3950 921 3993 et
935 3938 970 3993 de
984 3938 1138 4011 l'enrplace-

79 4039 149 4082 nent
158 4046 195 4081 ou
205 4026 258 4081 elle
268 4039 314 4081 rut
329 4028 393 4091 tien,
407 4029 525 4083 subsiste
536 4048 636 4084 encore
648 4031 718 4084 dans
726 4030 752 4085 le
763 4050 843 4103 μαγις
857 4032 928 4087 roici
938 4040 1077 4084 counmnt
1087 4026 1139 4082 elie

79 4130 91 4181 r
103 4128 143 4171 est
156 4120 286 4171 racontt'e
299 4142 303 4147 ·

110 4204 201 4257 buue
215 4224 322 4275 rpnqur
337 4207 391 4255 tris
406 4209 528 4269 rrrrder,
543 4208 568 4257 le
581 4224 647 4258 rure
659 4206 693 4259 de
706 4206 856 4261 Bonnevat.
873 4217 1002 4260 rrrenant
1019 4204 1140 4277 pwndant
