<?xml version="1.0" encoding="UTF-8"?>
<!DOCTYPE html PUBLIC "-//W3C//DTD XHTML 1.0 Transitional//EN"
    "http://www.w3.org/TR/xhtml1/DTD/xhtml1-transitional.dtd">
<html xmlns="http://www.w3.org/1999/xhtml" xml:lang="en" lang="en">
 <head>
  <title>
</title>
<meta http-equiv="Content-Type" content="text/html;charset=utf-8" />
  <meta name='ocr-system' content='tesseract 3.04.00' />
  <meta name='ocr-capabilities' content='ocr_page ocr_carea ocr_par ocr_line ocrx_word'/>
</head>
<body>
  <div class='ocr_page' id='page_1' title='image "./ordericivitalis00deligoog_0158.png"; bbox 0 0 3046 5244; ppageno 0'>
   <div class='ocr_carea' id='block_1_1' title="bbox 85 462 1135 547">
    <p class='ocr_par' dir='ltr' id='par_1_1' title="bbox 85 462 1135 547">
     <span class='ocr_line' id='line_1_1' title="bbox 85 462 1135 547; baseline 0.002 -20"><span class='ocrx_word' id='word_1_1' title='bbox 85 468 238 547; x_wconf 59' lang='lat' dir='ltr'>[murs]</span> <span class='ocrx_word' id='word_1_2' title='bbox 436 462 551 523; x_wconf 77' lang='lat' dir='ltr'>ursus</span> <span class='ocrx_word' id='word_1_3' title='bbox 571 463 773 525; x_wconf 76' lang='lat' dir='ltr'>summus.</span> <span class='ocrx_word' id='word_1_4' title='bbox 1077 470 1135 531; x_wconf 78' lang='lat' dir='ltr'>its</span> 
     </span>
    </p>
   </div>
   <div class='ocr_carea' id='block_1_2' title="bbox 84 594 1138 693">
    <p class='ocr_par' dir='ltr' id='par_1_2' title="bbox 84 594 1138 693">
     <span class='ocr_line' id='line_1_2' title="bbox 84 594 1138 693; baseline 0.007 -26"><span class='ocrx_word' id='word_1_5' title='bbox 84 611 255 671; x_wconf 68' lang='lat' dir='ltr'>unierunt</span> <span class='ocrx_word' id='word_1_6' title='bbox 272 594 472 669; x_wconf 79' lang='lat' dir='ltr'>Normenni</span> <span class='ocrx_word' id='word_1_7' title='bbox 490 596 527 669; x_wconf 89' lang='lat' dir='ltr'>in</span> <span class='ocrx_word' id='word_1_8' title='bbox 540 595 785 693; x_wconf 85' lang='lat' dir='ltr'>Burgundiem</span> <span class='ocrx_word' id='word_1_9' title='bbox 801 596 845 669; x_wconf 83' lang='lat' dir='ltr'>ud</span> <span class='ocrx_word' id='word_1_10' title='bbox 862 598 1032 671; x_wconf 73' lang='lat' dir='ltr'>Sanctum</span> <span class='ocrx_word' id='word_1_11' title='bbox 1049 599 1077 671; x_wconf 84' lang='lat' dir='ltr'>F</span> <span class='ocrx_word' id='word_1_12' title='bbox 1079 601 1138 675; x_wconf 89' lang='grc' dir='ltr'>Ιο-</span> 
     </span>
    </p>
   </div>
   <div class='ocr_carea' id='block_1_3' title="bbox 77 716 1141 3160">
    <p class='ocr_par' dir='ltr' id='par_1_3' title="bbox 77 716 1141 2568">
     <span class='ocr_line' id='line_1_3' title="bbox 81 716 1140 821; baseline 0 -26"><span class='ocrx_word' id='word_1_13' title='bbox 81 721 273 795; x_wconf 70' lang='lat' dir='ltr'>trutinum.</span> <span class='ocrx_word' id='word_1_14' title='bbox 291 717 458 791; x_wconf 81' lang='lat' dir='ltr'><strong>Occurrit</strong></span> <span class='ocrx_word' id='word_1_15' title='bbox 468 735 587 791; x_wconf 83' lang='lat' dir='ltr'>autem</span> <span class='ocrx_word' id='word_1_16' title='bbox 600 717 671 792; x_wconf 86' lang='lat' dir='ltr'>illis</span> <span class='ocrx_word' id='word_1_17' title='bbox 687 716 875 810; x_wconf 77' lang='lat' dir='ltr'>Ricardus,</span> <span class='ocrx_word' id='word_1_18' title='bbox 887 717 960 793; x_wconf 80' lang='lat' dir='ltr'>dux</span> <span class='ocrx_word' id='word_1_19' title='bbox 976 720 1140 821; x_wconf 87' lang='lat' dir='ltr'>Burgun-</span> 
     </span>
     <span class='ocr_line' id='line_1_4' title="bbox 79 835 1136 925; baseline 0.004 -16"><span class='ocrx_word' id='word_1_20' title='bbox 79 835 164 925; x_wconf 71' lang='lat' dir='ltr'>tie,</span> <span class='ocrx_word' id='word_1_21' title='bbox 190 862 273 909; x_wconf 91' lang='lat' dir='ltr'>cum</span> <span class='ocrx_word' id='word_1_22' title='bbox 292 861 357 909; x_wconf 88' lang='lat' dir='ltr'>suo</span> <span class='ocrx_word' id='word_1_23' title='bbox 377 836 536 909; x_wconf 84' lang='lat' dir='ltr'>exercitu</span> <span class='ocrx_word' id='word_1_24' title='bbox 567 836 604 907; x_wconf 91' lang='lat' dir='ltr'>in</span> <span class='ocrx_word' id='word_1_25' title='bbox 626 835 810 909; x_wconf 89' lang='lat' dir='ltr'>territorio</span> <span class='ocrx_word' id='word_1_26' title='bbox 835 836 1136 925; x_wconf 88' lang='lat' dir='ltr'>Tornodorensc,</span> 
     </span>
     <span class='ocr_line' id='line_1_5' title="bbox 79 948 1137 1051; baseline 0.003 -28"><span class='ocrx_word' id='word_1_27' title='bbox 79 952 289 1051; x_wconf 77' lang='lat' dir='ltr'>irruensque</span> <span class='ocrx_word' id='word_1_28' title='bbox 313 952 350 1025; x_wconf 93' lang='lat' dir='ltr'>in</span> <span class='ocrx_word' id='word_1_29' title='bbox 376 976 458 1039; x_wconf 89' lang='lat' dir='ltr'>eos,</span> <span class='ocrx_word' id='word_1_30' title='bbox 486 951 658 1049; x_wconf 82' lang='lat' dir='ltr'>percussit</span> <span class='ocrx_word' id='word_1_31' title='bbox 681 948 949 1025; x_wconf 83' lang='lat' dir='ltr'>multitudinem</span> <span class='ocrx_word' id='word_1_32' title='bbox 975 978 1020 1026; x_wconf 85' lang='lat' dir='ltr'>ex</span> <span class='ocrx_word' id='word_1_33' title='bbox 1034 954 1084 1027; x_wconf 88' lang='lat' dir='ltr'>eis</span> <span class='ocrx_word' id='word_1_34' title='bbox 1101 955 1137 1026; x_wconf 92' lang='lat' dir='ltr'>in</span> 
     </span>
     <span class='ocr_line' id='line_1_6' title="bbox 77 1066 1140 1169; baseline 0.004 -28"><span class='ocrx_word' id='word_1_35' title='bbox 77 1093 137 1141; x_wconf 86' lang='lat' dir='ltr'>cre</span> <span class='ocrx_word' id='word_1_36' title='bbox 152 1066 283 1168; x_wconf 81' lang='lat' dir='ltr'>gladii,</span> <span class='ocrx_word' id='word_1_37' title='bbox 299 1083 336 1141; x_wconf 91' lang='lat' dir='ltr'>et</span> <span class='ocrx_word' id='word_1_38' title='bbox 347 1068 476 1169; x_wconf 85' lang='lat' dir='ltr'>reliqui</span> <span class='ocrx_word' id='word_1_39' title='bbox 489 1068 657 1168; x_wconf 79' lang='lat' dir='ltr'>sugerunt</span> <span class='ocrx_word' id='word_1_40' title='bbox 668 1072 706 1141; x_wconf 83' lang='lat' dir='ltr'>v⁰</span> <span class='ocrx_word' id='word_1_41' title='bbox 724 1093 838 1142; x_wconf 81' lang='lat' dir='ltr'>nonas</span> <span class='ocrx_word' id='word_1_42' title='bbox 844 1069 938 1168; x_wconf 87' lang='lat' dir='ltr'>junii</span> <span class='ocrx_word' id='word_1_43' title='bbox 952 1072 1023 1168; x_wconf 83' lang='lat' dir='ltr'>(r).</span> <span class='ocrx_word' id='word_1_44' title='bbox 1036 1071 1140 1145; x_wconf 87' lang='lat' dir='ltr'>Tem·</span> 
     </span>
     <span class='ocr_line' id='line_1_7' title="bbox 78 1184 1139 1281; baseline 0.003 -24"><span class='ocrx_word' id='word_1_45' title='bbox 78 1208 163 1281; x_wconf 87' lang='lat' dir='ltr'>pore</span> <span class='ocrx_word' id='word_1_46' title='bbox 196 1184 262 1259; x_wconf 87' lang='lat' dir='ltr'>illo</span> <span class='ocrx_word' id='word_1_47' title='bbox 290 1185 402 1257; x_wconf 81' lang='lat' dir='ltr'>lactus</span> <span class='ocrx_word' id='word_1_48' title='bbox 432 1200 484 1257; x_wconf 89' lang='lat' dir='ltr'>est</span> <span class='ocrx_word' id='word_1_49' title='bbox 514 1200 621 1258; x_wconf 82' lang='lat' dir='ltr'>terrae</span> <span class='ocrx_word' id='word_1_50' title='bbox 653 1200 772 1257; x_wconf 88' lang='lat' dir='ltr'>motus</span> <span class='ocrx_word' id='word_1_51' title='bbox 803 1185 897 1259; x_wconf 78' lang='lat' dir='ltr'>circa</span> <span class='ocrx_word' id='word_1_52' title='bbox 929 1185 1139 1261; x_wconf 72' lang='lat' dir='ltr'>chenobium</span> 
     </span>
     <span class='ocr_line' id='line_1_8' title="bbox 78 1300 1139 1402; baseline 0.004 -29"><span class='ocrx_word' id='word_1_53' title='bbox 78 1318 204 1375; x_wconf 74' lang='lat' dir='ltr'>nnctae</span> <span class='ocrx_word' id='word_1_54' title='bbox 223 1300 409 1376; x_wconf 80' lang='lat' dir='ltr'>Columboe</span> <span class='ocrx_word' id='word_1_55' title='bbox 425 1302 592 1401; x_wconf 82' lang='lat' dir='ltr'>virginis,</span> <span class='ocrx_word' id='word_1_56' title='bbox 615 1320 652 1375; x_wconf 78' lang='grc' dir='ltr'>ν·</span> <span class='ocrx_word' id='word_1_57' title='bbox 671 1300 748 1375; x_wconf 87' lang='lat' dir='ltr'>idus</span> <span class='ocrx_word' id='word_1_58' title='bbox 763 1303 929 1402; x_wconf 75' lang='lat' dir='ltr'>junuarii.</span> <span class='ocrx_word' id='word_1_59' title='bbox 949 1304 1029 1377; x_wconf 87' lang='lat' dir='ltr'>Hoc</span> <span class='ocrx_word' id='word_1_60' title='bbox 1043 1320 1139 1377; x_wconf 88' lang='lat' dir='ltr'>tem-</span> 
     </span>
     <span class='ocr_line' id='line_1_9' title="bbox 79 1417 1140 1525; baseline 0 -32"><span class='ocrx_word' id='word_1_61' title='bbox 79 1444 161 1517; x_wconf 85' lang='lat' dir='ltr'>pore</span> <span class='ocrx_word' id='word_1_62' title='bbox 183 1421 312 1520; x_wconf 76' lang='lat' dir='ltr'>pegeni</span> <span class='ocrx_word' id='word_1_63' title='bbox 335 1417 554 1493; x_wconf 85' lang='lat' dir='ltr'>obsederunt</span> <span class='ocrx_word' id='word_1_64' title='bbox 575 1420 811 1525; x_wconf 81' lang='lat' dir='ltr'>Carpotinsm</span> <span class='ocrx_word' id='word_1_65' title='bbox 835 1421 1028 1495; x_wconf 80' lang='lat' dir='ltr'>civitatem.</span> <span class='ocrx_word' id='word_1_66' title='bbox 1051 1420 1140 1495; x_wconf 87' lang='lat' dir='ltr'>Col-</span> 
     </span>
     <span class='ocr_line' id='line_1_10' title="bbox 79 1534 1140 1637; baseline -0.002 -26"><span class='ocrx_word' id='word_1_67' title='bbox 79 1536 166 1611; x_wconf 77' lang='lat' dir='ltr'>lecto</span> <span class='ocrx_word' id='word_1_68' title='bbox 194 1538 307 1635; x_wconf 89' lang='lat' dir='ltr'>igitur</span> <span class='ocrx_word' id='word_1_69' title='bbox 332 1537 509 1624; x_wconf 82' lang='lat' dir='ltr'>exercitu,</span> <span class='ocrx_word' id='word_1_70' title='bbox 537 1534 709 1611; x_wconf 79' lang='lat' dir='ltr'>Ricardus</span> <span class='ocrx_word' id='word_1_71' title='bbox 737 1535 810 1611; x_wconf 85' lang='lat' dir='ltr'>dux</span> <span class='ocrx_word' id='word_1_72' title='bbox 836 1534 1075 1637; x_wconf 79' lang='lat' dir='ltr'>Burgundiae,</span> <span class='ocrx_word' id='word_1_73' title='bbox 1103 1552 1140 1610; x_wconf 92' lang='lat' dir='ltr'>et</span> 
     </span>
     <span class='ocr_line' id='line_1_11' title="bbox 80 1652 1138 1755; baseline -0.002 -26"><span class='ocrx_word' id='word_1_74' title='bbox 80 1652 254 1729; x_wconf 76' lang='lat' dir='ltr'>liebertus</span> <span class='ocrx_word' id='word_1_75' title='bbox 277 1655 461 1753; x_wconf 86' lang='lat' dir='ltr'>princeps,</span> <span class='ocrx_word' id='word_1_76' title='bbox 491 1656 675 1727; x_wconf 86' lang='lat' dir='ltr'>irruerunt</span> <span class='ocrx_word' id='word_1_77' title='bbox 701 1655 741 1733; x_wconf 84' lang='lat' dir='ltr'>in</span> <span class='ocrx_word' id='word_1_78' title='bbox 766 1678 845 1744; x_wconf 88' lang='lat' dir='ltr'>eos,</span> <span class='ocrx_word' id='word_1_79' title='bbox 875 1655 1071 1755; x_wconf 73' lang='lat' dir='ltr'>peremptis</span> <span class='ocrx_word' id='word_1_80' title='bbox 1094 1679 1138 1727; x_wconf 81' lang='lat' dir='ltr'>ex</span> 
     </span>
     <span class='ocr_line' id='line_1_12' title="bbox 79 1771 1137 1872; baseline -0.002 -27"><span class='ocrx_word' id='word_1_81' title='bbox 79 1774 219 1871; x_wconf 77' lang='lat' dir='ltr'>pegasis</span> <span class='ocrx_word' id='word_1_82' title='bbox 248 1796 308 1845; x_wconf 81' lang='lat' dir='ltr'>sex</span> <span class='ocrx_word' id='word_1_83' title='bbox 339 1771 501 1845; x_wconf 87' lang='lat' dir='ltr'>millibus</span> <span class='ocrx_word' id='word_1_84' title='bbox 526 1773 764 1872; x_wconf 76' lang='lat' dir='ltr'>octingentis,</span> <span class='ocrx_word' id='word_1_85' title='bbox 790 1789 827 1845; x_wconf 88' lang='lat' dir='ltr'>et</span> <span class='ocrx_word' id='word_1_86' title='bbox 854 1799 874 1845; x_wconf 87' lang='lat' dir='ltr'>u</span> <span class='ocrx_word' id='word_1_87' title='bbox 902 1774 1042 1871; x_wconf 78' lang='lat' dir='ltr'>paucis,</span> <span class='ocrx_word' id='word_1_88' title='bbox 1075 1773 1137 1871; x_wconf 88' lang='lat' dir='ltr'>qui</span> 
     </span>
     <span class='ocr_line' id='line_1_13' title="bbox 81 1886 1139 1989; baseline 0.001 -30"><span class='ocrx_word' id='word_1_89' title='bbox 81 1904 338 1977; x_wconf 75' lang='lat' dir='ltr'>mnariserunt,</span> <span class='ocrx_word' id='word_1_90' title='bbox 356 1886 495 1962; x_wconf 87' lang='lat' dir='ltr'>obsides</span> <span class='ocrx_word' id='word_1_91' title='bbox 514 1889 708 1987; x_wconf 84' lang='lat' dir='ltr'>capientes,</span> <span class='ocrx_word' id='word_1_92' title='bbox 734 1888 905 1963; x_wconf 77' lang='lat' dir='ltr'>x1u⁰lml</span> <span class='ocrx_word' id='word_1_93' title='bbox 925 1889 1082 1989; x_wconf 80' lang='lat' dir='ltr'>augusti,</span> <span class='ocrx_word' id='word_1_94' title='bbox 1102 1888 1139 1960; x_wconf 91' lang='lat' dir='ltr'>in</span> 
     </span>
     <span class='ocr_line' id='line_1_14' title="bbox 80 2002 1140 2105; baseline 0 -28"><span class='ocrx_word' id='word_1_95' title='bbox 80 2002 242 2096; x_wconf 76' lang='lat' dir='ltr'>ubhuto,</span> <span class='ocrx_word' id='word_1_96' title='bbox 268 2006 461 2079; x_wconf 83' lang='lat' dir='ltr'>auxiliante</span> <span class='ocrx_word' id='word_1_97' title='bbox 485 2005 555 2077; x_wconf 89' lang='lat' dir='ltr'>illis</span> <span class='ocrx_word' id='word_1_98' title='bbox 579 2031 732 2105; x_wconf 82' lang='lat' dir='ltr'>superna</span> <span class='ocrx_word' id='word_1_99' title='bbox 756 2006 965 2097; x_wconf 80' lang='lat' dir='ltr'>elementia,</span> <span class='ocrx_word' id='word_1_100' title='bbox 990 2030 1056 2103; x_wconf 90' lang='lat' dir='ltr'>per</span> <span class='ocrx_word' id='word_1_101' title='bbox 1080 2005 1140 2077; x_wconf 87' lang='lat' dir='ltr'>in-</span> 
     </span>
     <span class='ocr_line' id='line_1_15' title="bbox 82 2121 1141 2221; baseline -0.002 -28"><span class='ocrx_word' id='word_1_102' title='bbox 82 2123 326 2193; x_wconf 78' lang='lat' dir='ltr'>teroessionem</span> <span class='ocrx_word' id='word_1_103' title='bbox 352 2138 484 2196; x_wconf 82' lang='lat' dir='ltr'>sunetae</span> <span class='ocrx_word' id='word_1_104' title='bbox 511 2123 574 2194; x_wconf 88' lang='lat' dir='ltr'>Dei</span> <span class='ocrx_word' id='word_1_105' title='bbox 599 2123 782 2221; x_wconf 77' lang='lat' dir='ltr'>genitricis</span> <span class='ocrx_word' id='word_1_106' title='bbox 809 2123 934 2195; x_wconf 83' lang='lat' dir='ltr'>Muriae</span> <span class='ocrx_word' id='word_1_107' title='bbox 958 2124 1028 2221; x_wconf 80' lang='lat'>(2)</span> <span class='ocrx_word' id='word_1_108' title='bbox 1055 2121 1141 2194; x_wconf 88' lang='lat' dir='ltr'>Post</span> 
     </span>
     <span class='ocr_line' id='line_1_16' title="bbox 83 2232 1140 2339; baseline -0.001 -30"><span class='ocrx_word' id='word_1_109' title='bbox 83 2232 149 2309; x_wconf 80' lang='lat' dir='ltr'>ltec</span> <span class='ocrx_word' id='word_1_110' title='bbox 177 2238 303 2337; x_wconf 87' lang='lat' dir='ltr'>igitur,</span> <span class='ocrx_word' id='word_1_111' title='bbox 328 2237 506 2313; x_wconf 80' lang='lat' dir='ltr'>mediante</span> <span class='ocrx_word' id='word_1_112' title='bbox 530 2264 652 2313; x_wconf 85' lang='lat' dir='ltr'>meuse</span> <span class='ocrx_word' id='word_1_113' title='bbox 674 2240 824 2327; x_wconf 80' lang='lat' dir='ltr'>martio,</span> <span class='ocrx_word' id='word_1_114' title='bbox 842 2236 1015 2339; x_wconf 63' lang='lat' dir='ltr'>apparuit</span> <span class='ocrx_word' id='word_1_115' title='bbox 1038 2236 1140 2309; x_wconf 83' lang='lat' dir='ltr'>stella</span> 
     </span>
     <span class='ocr_line' id='line_1_17' title="bbox 82 2350 1140 2453; baseline 0.006 -34"><span class='ocrx_word' id='word_1_116' title='bbox 82 2368 213 2449; x_wconf 73' lang='lat' dir='ltr'>aperte</span> <span class='ocrx_word' id='word_1_117' title='bbox 237 2352 367 2441; x_wconf 87' lang='lat' dir='ltr'>Circii,</span> <span class='ocrx_word' id='word_1_118' title='bbox 389 2355 556 2429; x_wconf 89' lang='lat' dir='ltr'>emittens</span> <span class='ocrx_word' id='word_1_119' title='bbox 578 2352 718 2427; x_wconf 82' lang='lat' dir='ltr'>radium</span> <span class='ocrx_word' id='word_1_120' title='bbox 743 2378 935 2453; x_wconf 79' lang='lat' dir='ltr'>mgnum,</span> <span class='ocrx_word' id='word_1_121' title='bbox 962 2354 1036 2426; x_wconf 85' lang='lat' dir='ltr'>lere</span> <span class='ocrx_word' id='word_1_122' title='bbox 1057 2350 1140 2425; x_wconf 89' lang='lat' dir='ltr'>die-</span> 
     </span>
     <span class='ocr_line' id='line_1_18' title="bbox 84 2462 310 2568; baseline 0 -27"><span class='ocrx_word' id='word_1_123' title='bbox 84 2462 141 2541; x_wconf 81' lang='lat' dir='ltr'>ltus</span> <span class='ocrx_word' id='word_1_124' title='bbox 156 2472 253 2568; x_wconf 79' lang='lat' dir='ltr'>xiv(</span> <span class='ocrx_word' id='word_1_125' title='bbox 280 2472 310 2566; x_wconf 90' lang='lat'>).</span> 
     </span>
    </p>

    <p class='ocr_par' dir='ltr' id='par_1_4' title="bbox 85 2586 1141 3160">
     <span class='ocr_line' id='line_1_19' title="bbox 124 2586 1137 2689; baseline -0.004 -28"><span class='ocrx_word' id='word_1_126' title='bbox 124 2586 293 2687; x_wconf 84' lang='lat' dir='ltr'>Sequenti</span> <span class='ocrx_word' id='word_1_127' title='bbox 304 2614 415 2678; x_wconf 80' lang='lat' dir='ltr'>anno,</span> <span class='ocrx_word' id='word_1_128' title='bbox 427 2592 495 2663; x_wconf 85' lang='lat' dir='ltr'>luit</span> <span class='ocrx_word' id='word_1_129' title='bbox 506 2592 614 2665; x_wconf 81' lang='lat' dir='ltr'>sames</span> <span class='ocrx_word' id='word_1_130' title='bbox 626 2614 833 2689; x_wconf 77' lang='lat' dir='ltr'>magnaper</span> <span class='ocrx_word' id='word_1_131' title='bbox 843 2605 956 2665; x_wconf 74' lang='lat' dir='ltr'>totam</span> <span class='ocrx_word' id='word_1_132' title='bbox 968 2586 1137 2661; x_wconf 77' lang='lat' dir='ltr'>Galliam.</span> 
     </span>
     <span class='ocr_line' id='line_1_20' title="bbox 85 2699 1139 2807; baseline 0 -32"><span class='ocrx_word' id='word_1_133' title='bbox 85 2699 210 2777; x_wconf 86' lang='lat' dir='ltr'>lleinde</span> <span class='ocrx_word' id='word_1_134' title='bbox 221 2721 302 2803; x_wconf 85' lang='lat' dir='ltr'>post</span> <span class='ocrx_word' id='word_1_135' title='bbox 313 2707 474 2807; x_wconf 90' lang='lat' dir='ltr'>quinque</span> <span class='ocrx_word' id='word_1_136' title='bbox 486 2707 560 2781; x_wconf 75' lang='lat' dir='ltr'>lere</span> <span class='ocrx_word' id='word_1_137' title='bbox 575 2734 706 2795; x_wconf 84' lang='lat' dir='ltr'>annos,</span> <span class='ocrx_word' id='word_1_138' title='bbox 724 2707 796 2781; x_wconf 78' lang='lat' dir='ltr'>tat.</span> <span class='ocrx_word' id='word_1_139' title='bbox 814 2704 1004 2792; x_wconf 79' lang='lat' dir='ltr'>lebrusrii,</span> <span class='ocrx_word' id='word_1_140' title='bbox 1025 2704 1139 2803; x_wconf 81' lang='lat' dir='ltr'>igneae</span> 
     </span>
     <span class='ocr_line' id='line_1_21' title="bbox 88 2819 1140 2921; baseline 0.005 -32"><span class='ocrx_word' id='word_1_141' title='bbox 88 2820 165 2893; x_wconf 77' lang='lat' dir='ltr'>acies</span> <span class='ocrx_word' id='word_1_142' title='bbox 183 2823 268 2895; x_wconf 80' lang='lat' dir='ltr'>visre</span> <span class='ocrx_word' id='word_1_143' title='bbox 291 2842 373 2896; x_wconf 85' lang='lat' dir='ltr'>sunt</span> <span class='ocrx_word' id='word_1_144' title='bbox 401 2825 438 2898; x_wconf 90' lang='lat' dir='ltr'>in</span> <span class='ocrx_word' id='word_1_145' title='bbox 456 2826 572 2915; x_wconf 91' lang='lat' dir='ltr'>coelo,</span> <span class='ocrx_word' id='word_1_146' title='bbox 596 2824 820 2900; x_wconf 85' lang='lat' dir='ltr'>diversorum</span> <span class='ocrx_word' id='word_1_147' title='bbox 842 2826 1026 2910; x_wconf 90' lang='lat' dir='ltr'>colorum,</span> <span class='ocrx_word' id='word_1_148' title='bbox 1042 2819 1140 2921; x_wconf 92' lang='lat' dir='ltr'>quod</span> 
     </span>
     <span class='ocr_line' id='line_1_22' title="bbox 90 2934 1141 3043; baseline 0.004 -39"><span class='ocrx_word' id='word_1_149' title='bbox 90 2934 208 3009; x_wconf 88' lang='lat' dir='ltr'>mirum</span> <span class='ocrx_word' id='word_1_150' title='bbox 231 2940 318 3025; x_wconf 82' lang='lat' dir='ltr'>luit,</span> <span class='ocrx_word' id='word_1_151' title='bbox 337 2941 485 3014; x_wconf 87' lang='lat' dir='ltr'>alternis</span> <span class='ocrx_word' id='word_1_152' title='bbox 511 2968 548 3015; x_wconf 90' lang='lat' dir='ltr'>se</span> <span class='ocrx_word' id='word_1_153' title='bbox 572 2944 808 3043; x_wconf 83' lang='lat' dir='ltr'>insequentes.</span> <span class='ocrx_word' id='word_1_154' title='bbox 832 2945 913 3041; x_wconf 88' lang='lat' dir='ltr'>lpso</span> <span class='ocrx_word' id='word_1_155' title='bbox 933 2966 1052 3027; x_wconf 76' lang='lat' dir='ltr'>anno,</span> <span class='ocrx_word' id='word_1_156' title='bbox 1073 2938 1141 3012; x_wconf 85' lang='lat' dir='ltr'>luit</span> 
     </span>
     <span class='ocr_line' id='line_1_23' title="bbox 93 3054 1141 3160; baseline 0.007 -40"><span class='ocrx_word' id='word_1_157' title='bbox 93 3073 202 3152; x_wconf 79' lang='lat' dir='ltr'>mgna</span> <span class='ocrx_word' id='word_1_158' title='bbox 229 3054 399 3131; x_wconf 85' lang='lat' dir='ltr'>‹lisseutio</span> <span class='ocrx_word' id='word_1_159' title='bbox 427 3061 521 3131; x_wconf 88' lang='lat' dir='ltr'>inter</span> <span class='ocrx_word' id='word_1_160' title='bbox 549 3085 670 3160; x_wconf 89' lang='lat' dir='ltr'>regem</span> <span class='ocrx_word' id='word_1_161' title='bbox 698 3077 733 3133; x_wconf 82' lang='lat' dir='ltr'>et</span> <span class='ocrx_word' id='word_1_162' title='bbox 757 3062 937 3160; x_wconf 89' lang='lat' dir='ltr'>principes</span> <span class='ocrx_word' id='word_1_163' title='bbox 966 3061 1052 3158; x_wconf 88' lang='lat' dir='ltr'>ejus.</span> <span class='ocrx_word' id='word_1_164' title='bbox 1085 3054 1141 3127; x_wconf 90' lang='lat' dir='ltr'>0b</span> 
     </span>
    </p>
   </div>
   <div class='ocr_carea' id='block_1_4' title="bbox 100 3435 1142 4320">
    <p class='ocr_par' dir='ltr' id='par_1_5' title="bbox 100 3435 1141 3689">
     <span class='ocr_line' id='line_1_24' title="bbox 123 3435 1141 3516; baseline -0.007 -19"><span class='ocrx_word' id='word_1_165' title='bbox 123 3436 154 3503; x_wconf 78' lang='lat' dir='ltr'>it)</span> <span class='ocrx_word' id='word_1_166' title='bbox 170 3435 189 3489; x_wconf 88' lang='lat' dir='ltr'>ll</span> <span class='ocrx_word' id='word_1_167' title='bbox 202 3439 245 3510; x_wconf 71' lang='lat' dir='ltr'>n&#39;y</span> <span class='ocrx_word' id='word_1_168' title='bbox 264 3459 280 3492; x_wconf 79' lang='lat' dir='ltr'>a</span> <span class='ocrx_word' id='word_1_169' title='bbox 293 3441 374 3512; x_wconf 87' lang='lat' dir='ltr'>point</span> <span class='ocrx_word' id='word_1_170' title='bbox 385 3440 421 3494; x_wconf 86' lang='lat' dir='ltr'>de</span> <span class='ocrx_word' id='word_1_171' title='bbox 432 3442 591 3516; x_wconf 71' lang='lat' dir='ltr'>cinquiieme</span> <span class='ocrx_word' id='word_1_172' title='bbox 604 3441 671 3513; x_wconf 85' lang='lat' dir='ltr'>jour</span> <span class='ocrx_word' id='word_1_173' title='bbox 685 3441 734 3497; x_wconf 85' lang='lat' dir='ltr'>des</span> <span class='ocrx_word' id='word_1_174' title='bbox 745 3458 832 3496; x_wconf 84' lang='lat' dir='ltr'>nones</span> <span class='ocrx_word' id='word_1_175' title='bbox 842 3439 879 3495; x_wconf 84' lang='lat' dir='ltr'>de</span> <span class='ocrx_word' id='word_1_176' title='bbox 888 3440 963 3511; x_wconf 82' lang='lat' dir='ltr'>juin.</span> <span class='ocrx_word' id='word_1_177' title='bbox 984 3438 1060 3495; x_wconf 84' lang='lat' dir='ltr'>Nous</span> <span class='ocrx_word' id='word_1_178' title='bbox 1072 3455 1141 3510; x_wconf 79' lang='lat' dir='ltr'>pen·</span> 
     </span>
     <span class='ocr_line' id='line_1_25' title="bbox 100 3525 1140 3602; baseline 0.007 -30"><span class='ocrx_word' id='word_1_179' title='bbox 100 3533 146 3573; x_wconf 60' lang='lat' dir='ltr'>tus</span> <span class='ocrx_word' id='word_1_180' title='bbox 163 3528 242 3598; x_wconf 78' lang='lat' dir='ltr'>‹pi’sn</span> <span class='ocrx_word' id='word_1_181' title='bbox 257 3548 271 3581; x_wconf 81' lang='lat' dir='ltr'>a</span> <span class='ocrx_word' id='word_1_182' title='bbox 287 3528 369 3582; x_wconf 80' lang='lat' dir='ltr'>roulu</span> <span class='ocrx_word' id='word_1_183' title='bbox 383 3529 444 3583; x_wconf 89' lang='lat' dir='ltr'>dire</span> <span class='ocrx_word' id='word_1_184' title='bbox 458 3529 483 3584; x_wconf 88' lang='lat' dir='ltr'>le</span> <span class='ocrx_word' id='word_1_185' title='bbox 496 3531 563 3602; x_wconf 89' lang='lat' dir='ltr'>jour</span> <span class='ocrx_word' id='word_1_186' title='bbox 574 3531 623 3585; x_wconf 88' lang='lat' dir='ltr'>des</span> <span class='ocrx_word' id='word_1_187' title='bbox 639 3547 739 3595; x_wconf 88' lang='lat' dir='ltr'>nones,</span> <span class='ocrx_word' id='word_1_188' title='bbox 755 3527 772 3582; x_wconf 83' lang='lat'><strong><em>5</em></strong></span> <span class='ocrx_word' id='word_1_189' title='bbox 787 3527 822 3581; x_wconf 88' lang='lat' dir='ltr'>dc</span> <span class='ocrx_word' id='word_1_190' title='bbox 831 3528 904 3600; x_wconf 85' lang='lat' dir='ltr'>juiu.</span> <span class='ocrx_word' id='word_1_191' title='bbox 917 3528 955 3583; x_wconf 65' lang='lat' dir='ltr'>la</span> <span class='ocrx_word' id='word_1_192' title='bbox 969 3525 1077 3581; x_wconf 76' lang='lat' dir='ltr'>bataille</span> <span class='ocrx_word' id='word_1_193' title='bbox 1091 3536 1140 3581; x_wconf 81' lang='lat' dir='ltr'>eut</span> 
     </span>
     <span class='ocr_line' id='line_1_26' title="bbox 102 3602 1035 3689; baseline 0.013 -32"><span class='ocrx_word' id='word_1_194' title='bbox 102 3602 161 3661; x_wconf 73' lang='lat' dir='ltr'>lii-ui</span> <span class='ocrx_word' id='word_1_195' title='bbox 172 3617 344 3685; x_wconf 75' lang='lat' dir='ltr'>Argenteuil,</span> <span class='ocrx_word' id='word_1_196' title='bbox 358 3622 374 3671; x_wconf 73' lang='lat' dir='ltr'>ir</span> <span class='ocrx_word' id='word_1_197' title='bbox 388 3619 456 3672; x_wconf 88' lang='lat' dir='ltr'>trois</span> <span class='ocrx_word' id='word_1_198' title='bbox 468 3617 554 3674; x_wconf 86' lang='lat' dir='ltr'>lieues</span> <span class='ocrx_word' id='word_1_199' title='bbox 563 3630 591 3675; x_wconf 89' lang='lat' dir='ltr'>et</span> <span class='ocrx_word' id='word_1_200' title='bbox 604 3619 697 3674; x_wconf 88' lang='lat' dir='ltr'>demie</span> <span class='ocrx_word' id='word_1_201' title='bbox 708 3617 744 3672; x_wconf 88' lang='lat' dir='ltr'>dc</span> <span class='ocrx_word' id='word_1_202' title='bbox 754 3618 911 3682; x_wconf 78' lang='lat' dir='ltr'>Turrem,</span> <span class='ocrx_word' id='word_1_203' title='bbox 923 3634 959 3671; x_wconf 79' lang='lat' dir='ltr'>cn</span> <span class='ocrx_word' id='word_1_204' title='bbox 971 3614 1035 3689; x_wconf 80' lang='lat'><strong>898.</strong></span> 
     </span>
    </p>

    <p class='ocr_par' dir='ltr' id='par_1_6' title="bbox 103 3700 1142 4026">
     <span class='ocr_line' id='line_1_27' title="bbox 126 3700 1141 3782; baseline -0.005 -21"><span class='ocrx_word' id='word_1_205' title='bbox 126 3700 195 3767; x_wconf 65' lang='lat' dir='ltr'>{tle</span> <span class='ocrx_word' id='word_1_206' title='bbox 205 3705 327 3767; x_wconf 70' lang='lat' dir='ltr'>semodi,</span> <span class='ocrx_word' id='word_1_207' title='bbox 342 3726 375 3761; x_wconf 81' lang='lat' dir='ltr'>uo</span> <span class='ocrx_word' id='word_1_208' title='bbox 383 3707 477 3778; x_wconf 84' lang='lat' dir='ltr'>juillet</span> <span class='ocrx_word' id='word_1_209' title='bbox 488 3727 552 3782; x_wconf 82' lang='lat'>911.</span> <span class='ocrx_word' id='word_1_210' title='bbox 563 3710 703 3765; x_wconf 80' lang='lat' dir='ltr'>Robcrtus</span> <span class='ocrx_word' id='word_1_211' title='bbox 712 3710 843 3780; x_wconf 83' lang='lat' dir='ltr'>princeps</span> <span class='ocrx_word' id='word_1_212' title='bbox 855 3716 898 3761; x_wconf 80' lang='lat' dir='ltr'>est</span> <span class='ocrx_word' id='word_1_213' title='bbox 909 3705 1033 3772; x_wconf 67' lang='lat' dir='ltr'>trohen,</span> <span class='ocrx_word' id='word_1_214' title='bbox 1044 3704 1099 3759; x_wconf 91' lang='lat' dir='ltr'>duc</span> <span class='ocrx_word' id='word_1_215' title='bbox 1106 3703 1141 3757; x_wconf 90' lang='lat' dir='ltr'>dc</span> 
     </span>
     <span class='ocr_line' id='line_1_28' title="bbox 104 3780 1141 3869; baseline 0.001 -24"><span class='ocrx_word' id='word_1_216' title='bbox 104 3780 195 3851; x_wconf 56' lang='lat' dir='ltr'>lustr.</span> <span class='ocrx_word' id='word_1_217' title='bbox 214 3798 262 3869; x_wconf 86' lang='lat' dir='ltr'>qui</span> <span class='ocrx_word' id='word_1_218' title='bbox 279 3796 321 3849; x_wconf 84' lang='lat' dir='ltr'>lut</span> <span class='ocrx_word' id='word_1_219' title='bbox 335 3797 375 3850; x_wconf 88' lang='lat' dir='ltr'>roi</span> <span class='ocrx_word' id='word_1_220' title='bbox 390 3797 451 3869; x_wconf 85' lang='lat' dir='ltr'>plus</span> <span class='ocrx_word' id='word_1_221' title='bbox 464 3798 535 3852; x_wconf 83' lang='lat' dir='ltr'>turd.</span> <span class='ocrx_word' id='word_1_222' title='bbox 554 3801 589 3853; x_wconf 84' lang='lat' dir='ltr'>Le</span> <span class='ocrx_word' id='word_1_223' title='bbox 609 3802 764 3855; x_wconf 70' lang='lat' dir='ltr'>rriouastdre</span> <span class='ocrx_word' id='word_1_224' title='bbox 774 3799 810 3853; x_wconf 88' lang='lat' dir='ltr'>de</span> <span class='ocrx_word' id='word_1_225' title='bbox 818 3796 1078 3861; x_wconf 56' lang='lat' dir='ltr'>Saintecotombe,</span> <span class='ocrx_word' id='word_1_226' title='bbox 1092 3812 1141 3848; x_wconf 83' lang='lat' dir='ltr'>au·</span> 
     </span>
     <span class='ocr_line' id='line_1_29' title="bbox 103 3879 1142 4013; baseline -0.001 -75"><span class='ocrx_word' id='word_1_227' title='bbox 103 3879 218 4013; x_wconf 41' lang='lat' dir='ltr'>llzwd&#39;lrui</span> <span class='ocrx_word' id='word_1_228' title='bbox 238 3885 361 3953; x_wconf 70' lang='lat' dir='ltr'>detruit,</span> <span class='ocrx_word' id='word_1_229' title='bbox 380 3888 447 3942; x_wconf 73' lang='lat' dir='ltr'>dtait</span> <span class='ocrx_word' id='word_1_230' title='bbox 462 3907 515 3944; x_wconf 86' lang='lat' dir='ltr'>une</span> <span class='ocrx_word' id='word_1_231' title='bbox 534 3890 638 3962; x_wconf 67' lang='lat' dir='ltr'>abbaye</span> <span class='ocrx_word' id='word_1_232' title='bbox 650 3888 949 3946; x_wconf 75' lang='lat' dir='ltr'>‹lebduddictinsdaus</span> <span class='ocrx_word' id='word_1_233' title='bbox 966 3888 992 3944; x_wconf 87' lang='lat' dir='ltr'>le</span> <span class='ocrx_word' id='word_1_234' title='bbox 1007 3886 1142 3955; x_wconf 80' lang='lat' dir='ltr'>laubourg</span> 
     </span>
     <span class='ocr_line' id='line_1_30' title="bbox 103 3968 201 4026; baseline 0.031 -3"><span class='ocrx_word' id='word_1_235' title='bbox 103 3984 109 4005; x_wconf 83' lang='lat'><em>¹</em></span> <span class='ocrx_word' id='word_1_236' title='bbox 137 3968 201 4026; x_wconf 76' lang='lat' dir='ltr'>Seus.</span> 
     </span>
    </p>

    <p class='ocr_par' dir='ltr' id='par_1_7' title="bbox 104 4055 1141 4320">
     <span class='ocr_line' id='line_1_31' title="bbox 127 4055 1139 4144; baseline 0 -25"><span class='ocrx_word' id='word_1_237' title='bbox 127 4055 158 4127; x_wconf 63' lang='grc' dir='ltr'>ὅ)</span> <span class='ocrx_word' id='word_1_238' title='bbox 173 4066 249 4121; x_wconf 76' lang='lat' dir='ltr'>t&#39;aetre</span> <span class='ocrx_word' id='word_1_239' title='bbox 267 4070 374 4122; x_wconf 74' lang='lat' dir='ltr'>comite</span> <span class='ocrx_word' id='word_1_240' title='bbox 392 4081 511 4141; x_wconf 78' lang='lat' dir='ltr'>apparut</span> <span class='ocrx_word' id='word_1_241' title='bbox 530 4088 590 4125; x_wconf 77' lang='lat' dir='ltr'>vers</span> <span class='ocrx_word' id='word_1_242' title='bbox 606 4070 632 4126; x_wconf 83' lang='lat' dir='ltr'>le</span> <span class='ocrx_word' id='word_1_243' title='bbox 653 4071 743 4127; x_wconf 70' lang='lat' dir='ltr'>n-o.</span> <span class='ocrx_word' id='word_1_244' title='bbox 759 4071 883 4144; x_wconf 80' lang='lat' dir='ltr'>pendant</span> <span class='ocrx_word' id='word_1_245' title='bbox 902 4078 1032 4143; x_wconf 77' lang='lat' dir='ltr'>quateret·</span> <span class='ocrx_word' id='word_1_246' title='bbox 1046 4064 1139 4134; x_wconf 79' lang='lat' dir='ltr'>jours.</span> 
     </span>
     <span class='ocr_line' id='line_1_32' title="bbox 104 4156 1141 4234; baseline 0.013 -43"><span class='ocrx_word' id='word_1_247' title='bbox 104 4160 128 4195; x_wconf 81' lang='lat' dir='ltr'>ru</span> <span class='ocrx_word' id='word_1_248' title='bbox 138 4156 195 4207; x_wconf 80' lang='lat' dir='ltr'>ucis</span> <span class='ocrx_word' id='word_1_249' title='bbox 206 4156 241 4210; x_wconf 81' lang='lat' dir='ltr'>de</span> <span class='ocrx_word' id='word_1_250' title='bbox 254 4176 328 4210; x_wconf 79' lang='lat' dir='ltr'>mars</span> <span class='ocrx_word' id='word_1_251' title='bbox 341 4176 402 4232; x_wconf 72' lang='lat' dir='ltr'>pru.</span> <span class='ocrx_word' id='word_1_252' title='bbox 420 4162 466 4214; x_wconf 84' lang='lat' dir='ltr'>(ln</span> <span class='ocrx_word' id='word_1_253' title='bbox 481 4160 505 4212; x_wconf 79' lang='lat' dir='ltr'>la</span> <span class='ocrx_word' id='word_1_254' title='bbox 519 4165 656 4215; x_wconf 65' lang='lat' dir='ltr'>nominas</span> <span class='ocrx_word' id='word_1_255' title='bbox 671 4159 901 4234; x_wconf 80' lang='lat' dir='ltr'>Constantinople</span> <span class='ocrx_word' id='word_1_256' title='bbox 914 4156 1045 4227; x_wconf 69' lang='lat' dir='ltr'>tilir&#39;as,</span> <span class='ocrx_word' id='word_1_257' title='bbox 1059 4170 1141 4224; x_wconf 74' lang='lat' dir='ltr'>parce</span> 
     </span>
     <span class='ocr_line' id='line_1_33' title="bbox 104 4234 827 4320; baseline 0.004 -23"><span class='ocrx_word' id='word_1_258' title='bbox 104 4234 180 4297; x_wconf 62' lang='lat' dir='ltr'>&#39;l&#39;lt&#39;llt</span> <span class='ocrx_word' id='word_1_259' title='bbox 192 4248 342 4315; x_wconf 59' lang='lat' dir='ltr'>prist-nisit</span> <span class='ocrx_word' id='word_1_260' title='bbox 356 4250 370 4299; x_wconf 81' lang='lat' dir='ltr'>i</span> <span class='ocrx_word' id='word_1_261' title='bbox 384 4267 436 4317; x_wconf 77' lang='lat' dir='ltr'>prm</span> <span class='ocrx_word' id='word_1_262' title='bbox 451 4251 513 4320; x_wconf 73' lang='lat' dir='ltr'>pris</span> <span class='ocrx_word' id='word_1_263' title='bbox 526 4249 549 4303; x_wconf 85' lang='lat' dir='ltr'>ln</span> <span class='ocrx_word' id='word_1_264' title='bbox 560 4250 649 4303; x_wconf 77' lang='lat' dir='ltr'>sotunc</span> <span class='ocrx_word' id='word_1_265' title='bbox 658 4248 741 4302; x_wconf 82' lang='lat' dir='ltr'>rl&#39;unc</span> <span class='ocrx_word' id='word_1_266' title='bbox 750 4252 827 4319; x_wconf 77' lang='lat' dir='ltr'>dpc&#39;e.</span> 
     </span>
    </p>
   </div>
   <div class='ocr_carea' id='block_1_5' title="bbox 0 0 1537 5244">
    <p class='ocr_par' dir='ltr' id='par_1_8' title="bbox 0 0 1537 5244">
     <span class='ocr_line' id='line_1_34' title="bbox 0 0 1537 5244; baseline 0 0"><span class='ocrx_word' id='word_1_267' title='bbox 0 0 1537 5244; x_wconf 95' lang='lat' dir='ltr'> </span> 
     </span>
    </p>
   </div>
  </div>
 </body>
</html>
