3046 5244
225 455 265 512 rs
501 453 684 514 ntsrcnn
708 451 1011 514 sccrmsrsrncs.
1123 447 1291 529 [strom]

224 611 284 659 eos
300 611 343 658 ex
357 585 440 658 lelle.
456 588 689 686 malignitatis
700 612 772 659 suae
786 588 951 686 nequiter
967 584 1164 672 inebriare,
1178 597 1217 656 et
1231 607 1293 656 ne-

223 703 309 777 larie
326 703 601 803 perturbatione
616 729 743 778 omncs
754 705 890 803 pariter
906 705 1132 777 contristare.
1144 698 1296 775 Seditio-

225 846 308 894 nem
335 822 454 923 itaque
480 823 575 896 inter
598 848 659 896 eos
680 820 862 923 quondam
892 821 1058 910 immisit,
1087 845 1169 921 quse
1204 816 1293 892 adeo

224 938 424 1028 convaluit,
438 956 480 1011 ut
496 937 568 1012 duo
582 965 625 1026 es
642 939 711 1011 illis
728 954 955 1025 necarentur,
978 954 1015 1011 et
1027 937 1154 1037 reliqui
1167 959 1294 1010 omncs

225 1054 419 1128 inedicibili
448 1081 609 1131 moerore
639 1057 876 1128 allicerentur.
915 1055 1065 1128 Filiolus
1086 1078 1175 1154 ergo
1199 1051 1291 1125 servi

223 1172 306 1260 Dei,
325 1189 365 1244 ut
384 1173 578 1246 insanabile
600 1172 667 1245 sibi
686 1174 786 1246 ulcus
813 1175 849 1245 in
867 1197 1020 1273 corpore
1033 1174 1187 1245 fratrum
1200 1194 1293 1270 pm-

226 1291 361 1389 spexit,
381 1292 525 1364 concito
541 1318 646 1364 cursu
656 1290 700 1362 ad
711 1289 931 1364 archiatrum
940 1288 1161 1389 properarit.
1175 1286 1293 1381 Quem

227 1431 309 1478 cum
326 1406 385 1478 vir
397 1424 539 1480 sanctus
552 1409 756 1480 venientem
770 1408 1023 1506 conspicerere
1042 1388 1170 1506 longe,
1192 1403 1297 1477 intel·

227 1522 315 1594 lesit
340 1547 415 1595 non
440 1525 517 1596 sine
543 1550 643 1597 causa
672 1523 773 1598 illum
801 1540 988 1622 tantopere
1012 1522 1199 1610 lestinsre,
1228 1543 1294 1592 re·

229 1641 402 1741 aiensque
420 1643 456 1715 in
470 1667 659 1717 occursum
678 1642 791 1731 illius,
806 1642 999 1715 sciscitatus
1013 1656 1068 1714 est
1083 1664 1223 1712 caumm
1234 1636 1295 1710 ad·

227 1774 355 1832 ventus
385 1761 505 1859 ipsius.
533 1762 649 1834 Porro
678 1759 837 1833 lllalcbns
866 1760 1023 1832 seriatim
1049 1757 1213 1857 exposuit
1245 1755 1297 1828 illi

229 1876 412 1976 quomodo
436 1878 565 1952 fratres
583 1879 801 1951 immissione
823 1878 998 1950 daemonis
1022 1878 1057 1950 in
1085 1873 1297 1949 seditionem

230 1992 377 2067 luissent
389 1996 546 2067 excitati.
565 1994 669 2087 Quod
686 2021 768 2068 cum
786 1994 957 2080 audisset,
974 1993 1050 2066 relc
1069 1993 1133 2065 Dei
1147 2014 1301 2064 suecen-

233 2137 290 2181 sus
309 2112 512 2201 intremuit,
528 2130 564 2185 et
586 2140 669 2185 cum
686 2113 817 2187 nuntio
837 2113 983 2184 festinus
1000 2109 1169 2183 accurrit.
1188 2107 1303 2180 Cum-

231 2252 303 2327 que
322 2227 494 2303 coenobio
506 2229 843 2330 appropinquasset,
859 2244 896 2300 et
910 2228 946 2299 iu
968 2228 1106 2314 locum,
1125 2222 1187 2296 ubi
1205 2249 1303 2295 nunc

232 2344 377 2418 ecclesia
393 2346 429 2419 in
447 2344 585 2420 bonore
599 2347 706 2445 ipsius
722 2344 867 2419 condita
878 2358 965 2431 stat,
983 2341 1201 2426 advenisset,
1216 2365 1303 2412 om-

234 2460 291 2531 nia
306 2463 405 2560 signa
420 2462 578 2536 coenobii
593 2489 659 2563 per
673 2489 709 2535 se
725 2464 796 2562 ipsa
812 2487 938 2535 sonare
949 2475 1154 2560 eoeperunt.
1169 2457 1304 2530 Simili·

237 2592 292 2646 ter
304 2575 348 2649 dc
364 2579 509 2650 ecclesia
527 2579 644 2651 Beatae
658 2579 781 2650 Mariae
796 2580 894 2677 signa
908 2593 1126 2664 sonuerunt,
1140 2574 1233 2648 etde
1245 2573 1305 2646 bs·

236 2692 332 2766 silim
345 2695 382 2765 S.
397 2694 543 2768 lllartini
557 2696 634 2796 (qui
650 2696 804 2796 Elegans
816 2694 1019 2792 dicebatur)
1038 2693 1098 2767 ubi
1114 2691 1303 2793 parrochia

236 2813 491 2900 conveniebat,
515 2814 550 2886 in
575 2813 655 2887 loco
672 2816 734 2914 qui
759 2815 962 2887 bercoteria
985 2813 1095 2913 vulgo
1116 2838 1304 2910 nuncupa-

237 2935 380 3030 turis).

285 3051 389 3124 Tunc
415 3050 579 3125 diabolus
606 3049 894 3124 animadvertens
919 3051 1090 3124 Sanctum
1112 3047 1303 3132 advenire,

860 3240 877 3247 ..a
915 3238 1085 3248 ...υ-ο...
1110 3235 1218 3244 --ι--

272 3352 311 3419 (ι)
325 3349 345 3404 ΙΙ
358 3352 502 3405 existent
513 3348 539 3404 ls
553 3366 701 3402 commuue
709 3347 745 3402 de
757 3336 964 3403 Sciat-lirroult
977 3364 1016 3400 uu
1028 3346 1146 3400 hamma
1159 3342 1195 3397 dc
1207 3341 1233 3397 ls
1247 3340 1305 3396 lllo·

239 3443 322 3505 tn're,
336 3438 405 3494 ‹lsus
423 3440 448 3495 le
460 3458 525 3495 nom
538 3436 642 3514 duqnel
655 3437 693 3493 Ι,
707 3436 850 3510 stapleton
868 3437 940 3491 croit
953 3434 1125 3490 mauman
1142 3450 1197 3487 nae
1208 3430 1307 3486 atten-

238 3532 297 3584 tion
311 3528 346 3584 de
358 3529 383 3582 la
396 3530 562 3584 berecti-rie.
578 3528 654 3583 Nous
673 3538 830 3601 regrettons
842 3526 878 3580 tle
892 3544 927 3580 ae
949 3525 1066 3597 murcir
1077 3540 1149 3577 acus
1160 3522 1278 3576 mter
1291 3522 1305 3573 l

237 3629 310 3675 cette
324 3621 495 3683 roarirtinn·,
509 3623 577 3673 mais
590 3636 660 3673 acus
676 3634 794 3688 prnsom
806 3634 869 3670 arec
890 3614 928 3668 lui
940 3613 1023 3688 qu'su
1039 3616 1077 3666 ιι·
1089 3610 1171 3665 eilde
1182 3608 1305 3683 l’emplr·

237 3717 345 3761 censeat
365 3705 401 3759 dr
415 3706 536 3777 l'abbeye
556 3708 645 3761 laisart
667 3706 754 3777 {tertie
766 3704 805 3756 dn
827 3702 968 3756 territoirr
980 3699 1014 3754 de
1031 3699 1207 3774 ltoequeace,
1222 3709 1250 3751 et
1268 3696 1308 3751 les

237 3797 480 3869 cimonscriptions
492 3794 612 3850 tantalea
628 3812 663 3848 ue
678 3812 748 3847 uuus
761 3794 911 3865 pressissent
927 3790 1021 3844 laisser
1034 3808 1124 3843 auena
1137 3788 1223 3847 doute
1236 3794 1250 3842 ‘s
1264 3798 1306 3841 ert

237 3887 335 3961 ΨΜ.
348 3886 463 3957 L’eglise
473 3885 509 3939 de
524 3884 685 3958 llcrqueace
696 3893 738 3936 est
748 3882 847 3937 dedier
860 3888 874 3935 'a
888 3883 959 3935 saint
970 3880 1088 3943 llartiu,
1099 3891 1127 3933 et
1141 3880 1161 3933 il
1177 3898 1214 3934 ue
1225 3880 1308 3933 seruit

239 3978 382 4048 {rot-itm
404 3992 451 4047 pas
469 3971 645 4047 impossible,
660 3971 764 4039 malgre
778 3971 802 4025 la
817 3970 943 4023 distance
954 3968 1037 4022 ‹l'uoc
1052 3967 1138 4031 lictae,
1152 3987 1208 4042 que
1222 3986 1254 4022 ee
1274 3986 1309 4021 ae

239 4066 280 4119 ter
294 4063 396 4140 laqn'sl
409 4062 486 4117 lallrit
498 4059 589 4136 phur
598 4059 951 4129 saint-lartiu-l'l'leqant,
962 4060 983 4111 si
996 4069 1076 4112 notre
1085 4069 1184 4111 auteur
1194 4076 1230 4112 ae
1239 4055 1305 4111 dou-

239 4158 295 4211 aait
310 4175 347 4208 aa
360 4154 483 4208 denunti
495 4148 593 4207 tanat
605 4158 618 4203 'a
631 4162 704 4205 cette
718 4152 829 4222 opinion
843 4168 877 4203 rn
891 4147 981 4202 dsunt
993 4168 1048 4223 qno
1065 4149 1100 4202 dr
1117 4166 1166 4203 son
1179 4159 1271 4221 temps
1283 4147 1309 4202 le

238 4254 379 4298 terrstssre
393 4248 429 4295 on
443 4240 531 4296 ‹lersit
546 4243 605 4293 itur
618 4251 705 4293 nture
719 4250 789 4293 rcttr
805 4238 889 4309 agae
903 4235 1041 4309 s'sppdrtt
1058 4235 1082 4291 le
1099 4235 1264 4292 termam.
