3046 5244
378 438 439 503 sus
657 430 845 495 nrsroun
866 424 1175 489 uccnnsnsncr.
1257 430 1349 509 [sm
1364 434 1458 511 ruas]

343 594 349 609 ·
378 568 609 643 Ascensionis
625 566 705 663 (t),
733 584 941 636 commeare
957 584 1024 659 per
1039 572 1229 658 arigustam
1252 560 1356 635 riam
1381 562 1457 637 illos

376 688 554 789 oportuit.
572 684 625 757 lbi
641 682 843 755 discursum
855 678 1048 779 gentilium
1063 691 1138 750 tota
1154 675 1214 752 die
1226 678 1454 765 metuebant,

378 832 444 880 nec
472 822 591 877 tamen
620 801 667 874 ab
698 800 819 874 eundo
846 796 1036 871 vacabant.
1062 796 1231 892 Signiferi
1261 814 1300 873 et
1326 802 1456 874 milites

376 922 505 995 armati
520 918 792 1020 praecellebant,
808 933 845 989 et
858 917 924 989 toti
938 914 1111 987 exercitui
1125 913 1173 988 ab
1186 914 1456 991 insidiatoribus

377 1036 642 1139 praecavebant.
661 1032 980 1131 subsequebantur
992 1032 1215 1105 sarcinarum
1233 1034 1454 1131 pmrisores,

378 1172 415 1227 et
440 1154 715 1228 clitellariorum
735 1150 991 1223 sublevatores.
1011 1148 1110 1222 Pone
1128 1150 1354 1249 properabat
1369 1150 1458 1227 ordo

378 1273 565 1360 militaris,
585 1287 621 1343 et
636 1271 754 1343 omnis
772 1270 937 1341 omnium
954 1264 1078 1340 aderat
1094 1268 1384 1341 necessitatibus.
1403 1272 1455 1343 Sic

378 1388 540 1489 quotidie
554 1388 740 1460 sarcinarii
757 1386 960 1459 mediastini
979 1381 1247 1484 properabant,
1266 1402 1306 1459 et
1324 1386 1454 1461 imbel-

379 1506 469 1576 lium
486 1504 536 1577 eis
561 1520 765 1575 turmarum
793 1524 919 1600 greges
939 1498 1184 1571 adhaerebant.
1205 1498 1382 1573 Buccina·
1398 1528 1455 1573 au·

375 1621 584 1709 diebarrtur,
615 1638 652 1693 et
683 1618 879 1721 gradatim,
900 1644 946 1691 ne
976 1616 1168 1691 debiliores
1197 1614 1401 1693 delicerent
1422 1622 1454 1691 in

378 1740 453 1826 ria,
471 1736 702 1839 pergebatur.
720 1736 885 1811 Vicissim
900 1733 1126 1809 excubabant
1141 1732 1332 1825 noctibus,
1349 1754 1387 1811 et
1399 1740 1453 1809 nbi

376 1858 492 1956 major
514 1855 706 1955 ingruebat
722 1872 858 1939 metus,
880 1852 929 1927 ibi
949 1854 1158 1951 vigilantior
1178 1854 1453 1953 praeparabam

376 1972 577 2047 excubitus.
593 1971 693 2044 Nihil
707 1973 806 2045 enim
825 1970 1089 2059 inconsultum,
1106 1971 1197 2043 nihil
1211 1968 1450 2047 admittebant

378 2090 639 2165 inordinatum.
661 2089 923 2189 indisciplinati
941 2086 1222 2187 castigabantur,
1245 2088 1353 2163 inscii
1378 2114 1452 2163 eru·

376 2208 583 2299 diebantur,
605 2208 757 2281 rebelles
785 2204 1088 2307 objurgabantur,
1117 2206 1395 2283 incontinentes
1412 2208 1452 2281 de

379 2326 565 2400 lecacitate
586 2351 646 2398 sua
668 2322 993 2423 redarguebantur,
1011 2338 1047 2395 et
1061 2346 1188 2399 omnes
1204 2322 1244 2397 in
1261 2350 1453 2399 mmmm

375 2442 421 2515 ad
433 2444 697 2542 eleemosynam
712 2440 971 2516 incitabantur.
986 2440 1118 2514 Omnes
1130 2439 1240 2513 etiam
1256 2442 1450 2543 lmgalitati

376 2576 413 2631 et
436 2558 619 2657 pudicitiae
643 2555 855 2643 studebant,
874 2574 929 2644 et,
955 2572 997 2629 ut
1026 2558 1071 2629 ita
1090 2554 1267 2647 dixerim,
1288 2556 1451 2659 quodne

376 2676 497 2749 schola
515 2674 718 2775 disciplina}
734 2676 883 2749 moralis
900 2676 937 2749 in
962 2674 1087 2747 castris
1102 2690 1194 2747 erat.
1220 2673 1255 2746 ls
1281 2692 1365 2749 erat
1380 2700 1450 2749 nro

374 2791 442 2864 ‹lus
466 2808 502 2866 et
523 2791 601 2865 haec
624 2810 702 2865 erat
724 2792 859 2879 forma,
884 2794 920 2863 in
945 2790 1144 2864 Jerusalem
1170 2788 1448 2865 ambulantium.

378 2911 494 3007 lgitur
520 2909 607 2981 dum
633 2908 730 2979 hum
757 2908 958 3005 ‹lisciplinae
987 2908 1146 3007 rigorem
1175 2922 1398 2997 tenuerunt,
1419 2926 1449 2981 et

376 3026 507 3099 all'cctu
524 3026 711 3097 caritativo
725 3023 1037 3113 redundaverunt,
1050 3024 1240 3099 evidenter
1251 3026 1351 3101 Dens
1365 3030 1450 3101 inter

376 3170 436 3213 cos
453 3157 686 3214 conversatus
712 3156 784 3227 est,
804 3158 841 3213 et
857 3166 924 3241 per
939 3166 1001 3215 eos
1016 3141 1111 3215 bella
1133 3168 1195 3215 sna
1214 3140 1375 3217 bellatrn
1389 3160 1448 3217 est.

378 3264 462 3333 llaec
492 3260 626 3334 idcirco
654 3260 868 3348 dixerimus,
900 3261 1069 3361 quatinus
1102 3260 1449 3361 indisciplinator-

378 3380 546 3466 illurum,
577 3381 639 3479 qui
670 3379 752 3451 huic
779 3378 999 3477 expeditioni
1031 3378 1201 3477 gloriosse
1229 3380 1448 3481 supercilio

376 3513 640 3585 successerunt,
662 3495 741 3568 illos
764 3496 997 3585 extollentes,
1015 3497 1125 3570 vitam
1149 3513 1186 3569 et
1203 3496 1304 3573 riam
1328 3496 1447 3573 redar-

375 3616 574 3711 gnei-imus.
601 3613 699 3686 Nihil
718 3614 817 3687 enim
833 3630 885 3687 est
904 3616 999 3689 inter
1015 3613 1182 3689 homines
1200 3614 1329 3691 utilius
1343 3614 1446 3691 disci·

379 3734 490 3831 plina.

428 3852 590 3949 lienique
608 3852 828 3936 montaneis,
854 3852 890 3924 in
917 3849 1048 3951 quibus
1076 3850 1193 3923 hostes
1212 3850 1446 3931 timebantur.

378 3970 453 4039 sine
472 3966 572 4041 lroste
591 3970 820 4057 tratrsccnsis,
836 3994 934 4041 secus
949 3996 1047 4041 mare
1060 3984 1219 4069 quatuor
1231 3970 1448 4045 transierant

456 4144 887 4157 -0.---——-—----·
910 4150 913 4155 -
937 4148 1016 4157 --1-
1058 4148 1065 4155 ι
1166 4144 1415 4159 -·—---·a·-·

430 4258 436 4285 ι
467 4236 501 4289 l.t·
513 4235 591 4305 jctnlt
610 4254 641 4309 tt)
654 4254 717 4289 tritt.
