3016 5242
217 421 294 494 [ουτ.
317 417 407 491 1097]
622 415 738 477 nunu
760 416 898 478 nouus.
1231 419 1296 480 an

217 547 304 619 dum
325 545 368 618 ad
392 547 545 620 Pontem
565 549 737 622 Ferreum
761 553 813 646 (ι)
831 548 1139 649 propinquarent,
1158 551 1297 624 ‘lurcos

220 664 437 735 iuveuertmt
468 666 695 755 innumeros,
723 667 906 738 munitum
937 663 1170 740 Antiochiam
1197 668 1298 741 lesti-

220 798 358 853 uantes.
377 783 500 882 ltaque
516 785 708 882 repentino
724 785 760 857 iu
779 809 840 858 eos
863 784 1000 882 impetu
1021 785 1115 859 lacto
1135 788 1298 886 (semper

218 901 317 972 enim
336 899 528 973 Christiahi
547 902 870 1001 proficiscebantur
883 903 1052 1001 armati),
1071 902 1191 978 subito
1206 929 1299 978 con-

221 1017 321 1088 flictu
339 1044 399 1090 eos
416 1036 739 1093 consternaverunt
755 1023 823 1119 (a).
843 1019 967 1092 Multis
983 1018 1128 1109 deletis,
1145 1019 1189 1093 ad
1207 1046 1299 1120 pro·

220 1137 299 1234 pria
314 1153 446 1222 castra,
467 1165 547 1237 qnae
565 1163 673 1237 super
696 1137 856 1210 lluminis
874 1138 970 1236 ripas
985 1140 1114 1212 metati
1133 1141 1297 1227 lueraut,

221 1251 446 1324 reduxerunt.
473 1279 597 1326 eorum
626 1252 809 1326 burdones
844 1254 923 1351 (3),
954 1254 1300 1359 quosumultimodis

220 1385 369 1440 onustos
384 1368 597 1440 victualibus
616 1384 652 1441 et
667 1368 816 1441 diversis
836 1368 946 1468 gazis,
972 1368 1016 1440 ad
1041 1356 1229 1468 propriam
1247 1370 1302 1443 ci-

221 1486 370 1556 vitatem
391 1484 629 1559 deducebant.
648 1486 797 1558 Factum
823 1501 876 1557 est
896 1486 1007 1586 igitur
1025 1488 1239 1560 immensum
1263 1488 1300 1559 in

221 1604 347 1674 castris
381 1601 571 1700 gaudium,
614 1620 691 1675 tum
727 1629 797 1701 pro
831 1605 1005 1697 victoria,
1037 1621 1115 1677 tum
1149 1621 1303 1703 propter

222 1721 357 1816 opima,
373 1747 454 1819 qnae
469 1719 512 1791 ad
523 1747 581 1793 eos
596 1735 829 1817 reportarant
841 1723 1047 1809 cursitores,
1065 1722 1191 1820 spolia.
1208 1723 1303 1815 Quo-

224 1835 374 1907 tidianas
402 1855 546 1936 ergoet
574 1839 763 1910 continuas
792 1839 869 1910 Deo
898 1837 1103 1913 referebant
1130 1837 1250 1912 laudes
1267 1854 1305 1910 et

222 1956 375 2051 gratias,
395 1955 475 2054 qui,
496 1982 566 2054 pro
580 1981 644 2027 suo
661 1980 815 2028 amorea
831 1956 939 2028 natali
963 1957 1041 2030 solo
1060 1957 1188 2056 procul
1209 1981 1302 2031 exu-

224 2072 339 2144 lantes
372 2089 445 2143 tam
479 2074 699 2146 excellenter
735 2072 949 2173 protegebat
981 2075 1078 2147 inter
1107 2074 1303 2175 phalanges

223 2188 398 2261 ethnicas.

275 2308 524 2395 Buamundus,
545 2309 723 2408 pigritiae,
747 2309 804 2381 vel
822 2308 1093 2396 somnolentiae,
1116 2333 1304 2408 nunquam

223 2423 456 2522 adquiescens
469 2426 810 2524 (irrequietusenim
820 2423 929 2499 homo
942 2425 1051 2523 erat),
1061 2439 1304 2524 eumquatuor

223 2542 387 2614 millibus
398 2544 557 2615 militum
571 2569 688 2642 prope
707 2542 911 2617 Antiochiae
926 2559 1070 2641 portam
1081 2559 1182 2616 caute
1199 2542 1305 2616 clan-

223 2659 384 2732 destinus
408 2662 525 2749 venit,
554 2664 581 2733 si
610 2664 671 2762 qui
696 2664 791 2736 sorte
825 2662 981 2734 latenter
1009 2658 1303 2760 ingrederentur,

225 2778 281 2849 vel
297 2778 570 2875 egrederentur,
589 2795 794 2879 expectans.
1143 2792 1146 2797 '

276 2894 343 2966 IX.
360 2896 509 2968 Summo
521 2896 868 2970 diluculoexercitus
880 2895 924 2969 de
937 2896 1031 2983 locO,
1049 2896 1086 2967 in
1098 2920 1173 2996 quo
1185 2908 1303 2984 eraut,

227 3012 383 3083 tentoria
410 3013 574 3111 collegit,
600 3012 830 3086 Antiochiam
860 3012 1025 3103 accessit,
1044 3028 1172 3112 quarta
1196 3008 1304 3109 seria,

266 3321 275 3385 (
283 3322 305 3388 ι)
322 3319 361 3372 Co
380 3329 445 3389 pont
463 3318 498 3371 do
515 3317 585 3371 ucul
596 3317 693 3370 arches
707 3335 755 3370 sur
772 3316 916 3382 l‘Oroute,
936 3326 965 3372 et
976 3333 1033 3370 uon
1047 3332 1096 3368 rur
1108 3312 1135 3367 le
1148 3313 1311 3386 Pharphar,

228 3411 297 3462 etait
311 3409 381 3461 situt'·
393 3412 408 3461 a
421 3418 519 3481 quatre
532 3407 619 3463 lienes
629 3406 807 3462 d'Autiocho.
822 3407 860 3460 hl.
876 3405 1008 3460 tttchaud
1022 3422 1093 3458 nous
1105 3403 1230 3476 appreud
1241 3404 1309 3477 qu'il

229 3503 304 3553 aeto
317 3501 444 3551 renueret}
457 3517 492 3552 cu
510 3497 591 3563 1822,
611 3516 661 3570 par
675 3516 714 3550 un
728 3496 925 3550 trembletuent
943 3494 978 3549 de
994 3505 1084 3562 terte,
1103 3512 1167 3549 areu
1181 3492 1221 3548 les
1237 3493 1311 3549 deux

230 3600 309 3641 tours
323 3589 447 3641 rcrdtncs
460 3587 495 3640 de
508 3586 593 3639 lanies
606 3586 640 3640 de
655 3586 696 3639 lor
709 3587 758 3656 (au
770 3586 860 3640 moins
870 3603 917 3638 sur
930 3584 1004 3637 leurs
1015 3586 1139 3657 portes),
1153 3579 1312 3656 ausquelles

230 3680 249 3733 il
266 3680 357 3733 ‹lerait
371 3696 419 3730 son
435 3696 510 3730 nom.
526 3675 688 3732 Guillautuc
700 3676 735 3730 de
750 3677 809 3749 Tyr
825 3673 946 3755 chetplte
959 3693 1016 3729 une
1029 3684 1109 3729 autre
1127 3672 1265 3745 origiueh
1281 3688 1312 3726 oe

231 3788 312 3833 nont,
323 3780 350 3821 et
362 3768 480 3840 pretend
490 3767 513 3821 la
525 3777 637 3820 trouvrr
645 3766 714 3821 dans
725 3766 751 3821 le
761 3785 827 3822 nom
837 3766 873 3823 tle
884 3750 1017 3840 Ferqu’il
1026 3766 1151 3821 attribue
1160 3767 1175 3820 h
1184 3763 1315 3821 l’Oronle

231 3862 246 3911 a
260 3858 410 3910 Antioche.

268 3950 306 4017 (u)
324 3949 397 4000 Dans
413 3966 443 4001 ce
461 3946 587 4015 curabat,
604 3945 629 3999 le
644 3945 699 4003 duc
710 3943 746 3999 de
757 3943 932 4001 Normaudic
945 3945 988 4000 sut
1001 3943 1105 4017 charge'
1119 3942 1157 3996 du
1171 3959 1314 3995 mirman-

232 4036 346 4089 ‹lentcnt
364 4035 398 4089 de
412 4033 622 4106 lavant-garde.
641 4037 691 4088 Les
704 4032 853 4088 etcudards
865 4031 901 4086 de
915 4031 1027 4087 l'armde
1039 4031 1202 4085 chrotieuuc
1215 4030 1310 4084 iurent

233 4125 335 4178 constes
348 4127 362 4175 a
378 4124 471 4193 llogcr
484 4123 518 4176 dc
531 4121 684 4176 barneville
698 4126 752 4176 etit
767 4110 872 4179 Errard
885 4119 923 4177 dn
935 4122 1040 4195 puiset.

270 4215 309 4271 151
327 4215 445 4281 ttatrn,
462 4215 538 4268 butus
554 4214 588 4268 dc
603 4233 718 4269 sonnnr.
876 4221 878 4225 ’
