3046 5244
599 442 717 505 alneu
736 440 924 507 OCTAVUS.
1233 448 1294 511 485

227 603 310 651 rum
323 577 480 649 sectione
492 599 659 661 suorum,
674 573 720 646 ab
732 573 810 646 aliis
822 571 1024 674 discrepare
1036 579 1238 677 appetunt(
1262 581 1292 679 ).

226 695 439 771 Voluntaria
455 709 665 791 paupertas,
683 690 881 792 mundique
894 709 1140 794 contemptus,
1157 710 1198 767 ut
1212 698 1296 797 opi-

228 840 315 901 nor,
338 814 373 884 iu
402 812 582 911 plerisque
600 813 716 884 seruet
741 837 782 885 ac
811 836 893 884 vera
916 812 1066 913 religio,
1092 812 1152 887 sed
1176 814 1297 914 plures

227 933 277 1006 eis
293 931 489 1029 hypocritae
503 927 768 1028 seductoriique
779 927 1005 1001 simulatores
1018 930 1295 1027 permiscentur,

228 1064 268 1121 ut
278 1048 404 1120 lolium
417 1046 551 1118 tritico.
564 1046 739 1144 Pagnnns,
754 1044 985 1118 carnotensis
997 1048 1202 1138 canonicus,
1216 1074 1299 1151 cog·

230 1179 404 1238 nomento
417 1163 619 1250 llolotinus,
633 1161 826 1260 pulchrum
840 1186 985 1235 carmen
1004 1161 1168 1238 Adonico
1180 1181 1300 1241 metro

230 1309 345 1380 nuper
373 1280 485 1351 edidit
509 1286 520 1373 ζ
526 1282 579 1375 2),
614 1280 649 1350 in
674 1303 747 1378 quo
771 1278 932 1377 palliatas
961 1278 1094 1353 horum
1120 1279 1297 1380 hypocrisi

229 1399 498 1497 superstitiones
529 1396 710 1468 subtiliter
738 1411 775 1469 et
804 1397 948 1495 copiose
975 1396 1191 1498 propalavit.
1221 1402 1300 1500 Ego

228 1530 347 1585 autem
372 1514 406 1584 in
432 1513 601 1610 praesenti
628 1510 918 1610 chronographia
942 1538 1040 1585 stunc
1063 1514 1164 1586 nitor
1179 1515 1299 1613 palam

229 1630 417 1704 enucleare
441 1630 596 1729 qualiter
613 1644 683 1699 eta
703 1627 834 1727 quihus
855 1628 996 1728 antiqui
1013 1628 1200 1703 schematis
1224 1656 1302 1705 mn·

232 1749 319 1819 tatio
339 1773 455 1847 nuper
476 1746 631 1842 coeperit
648 1745 846 1843 pullulare,
868 1748 1042 1846 quoniam
1057 1748 1211 1843 posteris
1227 1748 1302 1822 lec-

231 1862 370 1935 toribus
387 1862 455 1935 hoc
471 1878 618 1933 autumo
635 1877 778 1960 gratum
794 1861 885 1932 sore.

281 1980 320 2048 ln
341 1976 546 2074 Burgundio
568 1977 667 2049 locus
687 1992 759 2064 est,
784 1975 847 2076 qui
869 1973 1004 2049 dicitur
1021 1975 1209 2050 Molismus
1225 1979 1297 2076 (ὃ).

231 2097 335 2170 Unde
355 2093 546 2166 Rainaldus
565 2095 631 2179 ait,
651 2094 889 2193 lingonensis
905 2074 1091 2191 episcopus
1106 2095 1163 2193 (4)
1183 2125 1191 2165 ι

339 2264 384 2316 l'st
397 2262 474 2335 spissi
490 2262 657 2333 baptismus,
671 2261 774 2334 quibus
785 2270 828 2315 est
840 2260 868 2315 in
882 2276 977 2315 amore
989 2258 1143 2315 hlolistnus.

279 2403 347 2489 lbi,
366 2421 527 2501 tempore
541 2401 713 2500 Philippi,
729 2401 823 2500 regis
834 2394 1075 2487 Francorum,
1085 2401 1300 2478 venerabilis

229 2519 433 2594 Rodhe1·tns
443 2519 553 2592 abbas
567 2517 777 2592 coenobinm
786 2515 948 2591 condidit
961 2519 1037 2615 (5),
1054 2532 1091 2589 et
1104 2517 1301 2617 inspirante

228 2643 340 2740 gratia
371 2640 524 2738 Spiritus
557 2639 699 2725 Sancti,
725 2636 918 2735 discipulos
943 2661 1085 2735 magnte
1115 2638 1301 2737 religionis

227 2758 452 2856 aggregarit,
473 2755 661 2855 studioque
678 2756 856 2827 virtutum
871 2754 908 2827 in
926 2768 1047 2826 sancta
1068 2773 1297 2855 paupertate,

222 2875 324 2973 juxta
345 2901 448 2946 nsum
466 2874 619 2945 aliorum
641 2870 916 2954 coenobiorum,
933 2871 1086 2943 comiter
1113 2873 1295 2947 instruxit.

227 2991 311 3063 Post
324 2991 462 3090 aliquot
475 3016 601 3075 astrios,
616 2991 728 3062 sancti
741 2986 922 3061 Benedicti
937 2989 1095 3088 regulam
1105 2986 1300 3090 diligenter

229 3125 470 3207 perscrutatus
493 3125 566 3192 est,
594 3108 819 3207 aliorumque
844 3122 1050 3178 sanctorum
1074 3105 1300 3183 documentis

227 3243 372 3324 patrum
389 3226 600 3323 perspectis,
617 3249 818 3297 convocans
835 3224 983 3309 fratres,
1006 3223 1056 3294 sic
1069 3224 1196 3297 allatus
1217 3245 1294 3301 est:

226 3341 472 3439 llas-‚siniret-
489 3344 682 3428 rnnssinu',
702 3339 900 3411 sectandum
916 3366 1081 3411 normam
1094 3345 1299 3443 soractipo-

261 3601 300 3669 (ι)
315 3600 335 3652 ΙΙ
353 3618 387 3650 ne
402 3598 457 3651 sarit
473 3617 519 3669 pas
533 3596 642 3651 onldier
653 3615 708 3669 qne
722 3597 778 3650 ceci
793 3607 835 3649 est
847 3594 917 3647 ecrit
932 3612 982 3666 par
995 3611 1033 3647 un
1047 3595 1140 3649 moine
1155 3599 1226 3653 noir·

263 3690 301 3755 (2)
313 3689 366 3741 Ces
380 3706 438 3739 vrrs
452 3707 485 3739 tn·
501 3698 562 3739 nint
578 3704 624 3758 pas
637 3685 740 3739 artlt'rs
750 3684 861 3759 jttsqu'h
874 3682 1082 3737 nous-Mus
1097 3702 1216 3756 pensons
1227 3689 1295 3762 qu'll

227 3776 285 3831 saut
299 3778 349 3830 lire
367 3804 370 3809 ·
390 3779 532 3830 lli-latiam
548 3797 583 3829 ιιιι
596 3777 752 3830 lhilntiaur.

263 3865 300 3935 (5,
315 3867 448 3933 hlolenu‘,
464 3867 697 3921 arroudissetnent
709 3866 744 3921 de
756 3862 908 3921 Chaitillon.

263 3960 301 4028 (4)
317 3958 453 4019 llainard,
474 3958 508 4010 di·
525 3957 549 4011 la
564 3959 666 4011 [sirtille
679 3957 728 4011 des
739 3966 843 4011 courtes
855 3953 890 4008 de
905 3955 1114 4012 ttae-sursetne
1126 3968 1155 4011 et
1169 3955 1204 4012 de
1217 3959 1296 4015 Ton-

230 4065 310 4102 nerrs·
325 4049 381 4112 (tite
391 4049 425 4101 dc
440 4049 554 4101 ltrnand
569 4051 599 4101 l“
609 4060 636 4102 et
648 4047 803 4107 ‹ttlrrtdet
815 4047 918 4119 isi-quc
928 4043 963 4098 de
974 4046 1094 4119 Langres
1105 4047 1158 4113 (lin
1169 4046 1205 4103 de
1220 4050 1297 4105 1065·

230 4142 362 4210 premitus
374 4141 452 4206 jours
466 4140 559 4192 ‹tan-it
578 4138 641 4192 iiiiii
650 4143 667 4193 l.

264 4231 303 4298 (5)
318 4229 358 4282 En
377 4228 440 4300 topi
