3046 5244
229 458 306 534 [sss]
612 450 908 513 ciuunsuxrus.
1253 456 1294 514 75

227 588 277 659 sit.
297 585 412 659 Nunc
436 600 575 672 autem,
604 585 697 657 sicut
718 584 937 681 principium
956 582 1113 684 ejusdem
1134 582 1296 656 lectionis

227 719 349 776 nostro
372 702 504 774 inserui
528 700 719 800 opusculo,
749 699 799 771 sic
818 701 927 772 etiam
952 700 1060 773 finem
1085 724 1235 799 operum
1260 714 1297 772 et

225 823 305 894 vitoe
324 817 670 893 sineiuoosaisitatis
686 818 826 890 utiliter
847 817 1120 919 compaginabo.

270 966 291 1006 α
311 936 446 1034 Elapso
463 936 597 1010 interea
614 959 711 1007 anno
727 934 1067 1009 vicesimosecundo
1082 935 1136 1032 (ι)
1152 931 1296 1006 inchoa-

226 1056 331 1129 tionis
346 1079 477 1127 eorum
494 1054 530 1125 in
549 1053 622 1152 ipsa
643 1078 766 1126 cremo
777 1106 788 1140 ,
817 1054 854 1125 in
872 1051 998 1126 codem
1017 1051 1236 1126 monasterio
1251 1048 1297 1121 sb

228 1172 431 1245 incursione
446 1169 664 1244 insidiatoris
676 1171 817 1270 generis
833 1169 979 1243 humani
1000 1170 1162 1270 pestifera
1182 1167 1297 1242 clades

225 1288 421 1362 subitaneos
431 1289 559 1361 mortis
570 1289 725 1388 ingressa
735 1287 860 1361 adfuit.
873 1290 1001 1362 Beatus
1009 1315 1097 1363 vcro
1109 1287 1294 1375 Ebruisus‚

227 1430 294 1477 non
306 1405 402 1477 sicut
412 1405 668 1492 mercenarius,
679 1404 741 1503 qui
754 1405 790 1476 in
803 1403 924 1478 medio
937 1405 1107 1504 luporum
1119 1403 1297 1476 derelictis

226 1518 350 1592 oribus
375 1521 498 1618 fugam
519 1519 692 1618 arripuit,
720 1519 781 1592 sed
802 1535 844 1591 ut
869 1546 973 1593 verus
996 1536 1120 1620 pastor
1140 1545 1222 1592 cum
1247 1518 1297 1591 eis

228 1656 406 1709 oerumen
430 1637 527 1722 iniit,
548 1654 585 1710 et
603 1638 755 1736 implens
770 1638 924 1737 apostoli
941 1639 1102 1728 monita,
1121 1636 1297 1738 gaudebat

228 1778 304 1823 tum
328 1751 587 1852 gaudentibus,
616 1750 727 1825 flebat
754 1780 836 1826 cum
856 1751 1025 1828 flentibus
1056 1756 1124 1852 (u)
1161 1751 1298 1846 Quibus

230 1869 332 1942 rerba
350 1869 613 1944 exhortationis
629 1871 782 1960 faciens,
804 1873 882 1944 ait:
905 1870 1108 1972 Ofmtres,
1134 1871 1299 1945 roborate

231 1988 335 2061 tarda
362 2007 511 2077 uestra,
543 2005 577 2060 et
608 2005 718 2061 estote
744 1995 884 2092 parati.
915 1992 1083 2063 Vin'liter
1110 1993 1232 2091 agite,
1266 2007 1300 2059 et

231 2106 486 2205 majortomt‘ni
517 2110 555 2178 in
587 2109 767 2196 Domino,
799 2113 949 2180 scientes
980 2109 1081 2208 quod
1109 2107 1298 2179 tribulatio

229 2228 440 2321 potientium
466 2242 638 2325 operatur
658 2227 728 2323 (3).
754 2227 996 2299 Renovamini
1015 2229 1147 2328 spiritu
1170 2228 1297 2297 mentis

233 2359 354 2413 aestate
365 2344 439 2438 (4),
454 2359 488 2413 et
494 2361 661 2443 pugnate
672 2370 756 2416 cum
769 2346 922 2442 antiquo
934 2358 1109 2441 serpente.
1127 2342 1185 2415 Sit
1197 2341 1299 2414 uobis

232 2486 289 2530 cor
300 2486 439 2549 urium,
456 2478 491 2532 et
503 2466 628 2532 anima
643 2487 719 2533 una
733 2462 771 2532 in
785 2460 955 2533 Domino.
975 2463 1076 2534 Ecce
1089 2461 1297 2562 appropin-

232 2595 312 2673 quat
322 2582 472 2649 vocatio
484 2594 628 2668 nostra,
642 2597 677 2651 et
687 2578 879 2677 mnufesto
885 2580 1018 2651 buntur
1027 2605 1140 2681 opera
1153 2595 1296 2666 nostra,

233 2695 423 2796 reddetque
451 2723 559 2768 uerus
589 2699 725 2769 arbiter
748 2714 862 2799 prout
892 2715 1098 2799 exposcunt
1128 2696 1297 2796 singulo·

233 2840 305 2883 rum
334 2822 478 2885 merita.
514 2816 677 2911 Vigilate
706 2842 791 2912 ergo
820 2832 854 2886 et
880 2833 983 2887 orate
991 2870 1005 2903 ,
1035 2819 1123 2915 quia
1153 2815 1299 2885 nescitis

232 2928 321 2999 diem
347 2956 466 3027 neque
487 2930 627 3002 horum.
650 2934 786 3003 Beatus
810 2931 1035 3020 illosarum,
1061 2958 1189 3029 quem,
1217 2956 1298 3001 cum

236 3052 362 3119 amerit
384 3049 588 3137 Dominam,
608 3052 781 3121 inuenerit
797 3051 1025 3149 uigilantem.
1044 3051 1107 3121 His
1123 3066 1159 3121 et
1174 3048 1300 3147 hujus·

236 3164 326 3235 modi
356 3165 554 3237 Dominicis
575 3165 863 3263 persuasionibus
887 3166 1043 3265 prudens
1066 3167 1301 3239 concionator

236 3284 468 3354 conscientias
493 3287 646 3356 fratrum
680 3283 940 3372 conveniebat,
974 3285 1164 3357 adnectens
1192 3284 1300 3355 etiam

268 3520 299 3585 ἰ,
314 3524 323 3570 t
329 3520 397 3572 lette
411 3530 488 3589 pene
500 3520 587 3590 paruit
605 3520 665 3574 utre
686 3520 711 3573 la
734 3521 825 3575 nieme
841 3521 890 3592 qui
908 3539 1021 3591 ravagca
1032 3524 1047 3571 a
1060 3529 1132 3573 cutte
1144 3521 1254 3591 &ptusque
1276 3518 1301 3572 lt·

240 3612 386 3661 monam-re
400 3610 522 3662 naissant
536 3609 570 3665 de
587 3609 745 3677 Glauieuil,
762 3610 941 3682 aujourd'hui
954 3610 1299 3673 saint-Manasurdnirc,

241 3706 322 3767 etque
333 3697 401 3751 «nile
418 3700 467 3770 qni
481 3710 522 3751 est
536 3701 713 3755 mentionnc'e
727 3720 776 3774 par
790 3701 929 3771 Gregoirc
942 3699 978 3753 de
992 3701 1084 3754 Toum
1095 3718 1203 3754 commo
1219 3709 1300 3772 ayant

243 3792 382 3839 ‘terentes
403 3808 515 3859 ravage<
535 3808 569 3844 ea
588 3789 651 3845 582.
666 3790 740 3845 C'cst
758 3790 794 3843 dc
808 3808 839 3844 ce
853 3790 1084 3863 rapprocbentent
1099 3810 1153 3864 quc
1168 3789 1300 3845 MabiHon

245 3887 279 3929 *st
288 3881 368 3949 furti,
379 3898 452 3952 pour·
463 3885 630 3953 rapportor'a
641 3882 748 3937 l'anuec
759 3881 810 3936 560
818 3880 1044 3937 l’etablissemcut
1052 3881 1087 3937 dc
1097 3871 1302 3938 saint-bistonii

248 3962 340 4021 thosis
356 3971 428 4024 soret
440 3970 581 4027 d'Oncbc.

279 4058 312 4125 {a}
324 4057 403 4113 Rom.
418 4078 470 4123 su,
491 4060 529 4116 15.

283 4143 313 4211 ¹3?
328 4149 405 4203 Rom.
422 4169 448 4215 r,
462 4148 489 4207 T».

297 4242 317 4295 ί·
330 4239 360 4291 In
377 4241 500 4293 Domino.
516 4244 596 4301 (nn.
615 4244 665 4297 iirt-
690 4255 716 4297 ct
733 4245 861 4309 (lauch).
