<?xml version="1.0" encoding="UTF-8"?>
<!DOCTYPE html PUBLIC "-//W3C//DTD XHTML 1.0 Transitional//EN"
    "http://www.w3.org/TR/xhtml1/DTD/xhtml1-transitional.dtd">
<html xmlns="http://www.w3.org/1999/xhtml" xml:lang="en" lang="en">
 <head>
  <title>
</title>
<meta http-equiv="Content-Type" content="text/html;charset=utf-8" />
  <meta name='ocr-system' content='tesseract 3.04.00' />
  <meta name='ocr-capabilities' content='ocr_page ocr_carea ocr_par ocr_line ocrx_word'/>
</head>
<body>
  <div class='ocr_page' id='page_1' title='image "./ordericivitalis00deligoog_0346.png"; bbox 0 0 3046 5244; ppageno 0'>
   <div class='ocr_carea' id='block_1_1' title="bbox 56 482 1122 561">
    <p class='ocr_par' dir='ltr' id='par_1_1' title="bbox 56 482 1122 561">
     <span class='ocr_line' id='line_1_1' title="bbox 56 482 1122 561; baseline 0.006 -18"><span class='ocrx_word' id='word_1_1' title='bbox 56 482 164 561; x_wconf 77' lang='lat' dir='ltr'><em>[iseo]</em></span> <span class='ocrx_word' id='word_1_2' title='bbox 429 482 756 547; x_wconf 81' lang='lat' dir='ltr'><em>nnmocmvns.</em></span> <span class='ocrx_word' id='word_1_3' title='bbox 1065 486 1122 549; x_wconf 77' lang='lat' dir='ltr'><em>ssi</em></span> 
     </span>
    </p>
   </div>
   <div class='ocr_carea' id='block_1_2' title="bbox 55 614 1140 3969">
    <p class='ocr_par' dir='ltr' id='par_1_2' title="bbox 55 614 1140 3762">
     <span class='ocr_line' id='line_1_2' title="bbox 55 614 1130 718; baseline 0.003 -30"><span class='ocrx_word' id='word_1_4' title='bbox 55 614 159 688; x_wconf 81' lang='lat' dir='ltr'><em>cibus</em></span> <span class='ocrx_word' id='word_1_5' title='bbox 175 619 288 686; x_wconf 82' lang='lat' dir='ltr'><em>annis</em></span> <span class='ocrx_word' id='word_1_6' title='bbox 308 619 519 717; x_wconf 76' lang='lat' dir='ltr'><em>impugnent</em></span> <span class='ocrx_word' id='word_1_7' title='bbox 536 633 572 690; x_wconf 91' lang='lat' dir='ltr'><em>et</em></span> <span class='ocrx_word' id='word_1_8' title='bbox 584 621 757 718; x_wconf 80' lang='lat' dir='ltr'><em>puniunt.</em></span> <span class='ocrx_word' id='word_1_9' title='bbox 780 616 894 691; x_wconf 83' lang='lat' dir='ltr'><em>Hanc</em></span> <span class='ocrx_word' id='word_1_10' title='bbox 914 619 995 691; x_wconf 86' lang='lat' dir='ltr'><em>sine</em></span> <span class='ocrx_word' id='word_1_11' title='bbox 1015 616 1130 692; x_wconf 82' lang='lat' dir='ltr'><em>dubio</em></span> 
     </span>
     <span class='ocr_line' id='line_1_3' title="bbox 56 729 1132 834; baseline 0.005 -29"><span class='ocrx_word' id='word_1_12' title='bbox 56 729 166 805; x_wconf 80' lang='lat' dir='ltr'><em>crede</em></span> <span class='ocrx_word' id='word_1_13' title='bbox 180 734 414 832; x_wconf 67' lang='lat' dir='ltr'><em>precipuum</em></span> <span class='ocrx_word' id='word_1_14' title='bbox 435 758 609 824; x_wconf 84' lang='lat' dir='ltr'><em>causam,</em></span> <span class='ocrx_word' id='word_1_15' title='bbox 630 758 700 834; x_wconf 82' lang='lat' dir='ltr'><em>pro</em></span> <span class='ocrx_word' id='word_1_16' title='bbox 720 758 796 834; x_wconf 84' lang='lat' dir='ltr'><em>quc</em></span> <span class='ocrx_word' id='word_1_17' title='bbox 821 731 1044 809; x_wconf 74' lang='lat' dir='ltr'><em>Guillclmus</em></span> <span class='ocrx_word' id='word_1_18' title='bbox 1065 761 1132 809; x_wconf 76' lang='lat' dir='ltr'><em>rec</em></span> 
     </span>
     <span class='ocr_line' id='line_1_4' title="bbox 57 849 1134 955; baseline 0.002 -32"><span class='ocrx_word' id='word_1_19' title='bbox 57 874 141 923; x_wconf 88' lang='lat' dir='ltr'><em>cum</em></span> <span class='ocrx_word' id='word_1_20' title='bbox 171 849 308 946; x_wconf 78' lang='lat' dir='ltr'><em>ingenti</em></span> <span class='ocrx_word' id='word_1_21' title='bbox 331 875 471 951; x_wconf 84' lang='lat' dir='ltr'><em>pompa</em></span> <span class='ocrx_word' id='word_1_22' title='bbox 501 855 598 924; x_wconf 82' lang='lat' dir='ltr'><em>venit</em></span> <span class='ocrx_word' id='word_1_23' title='bbox 625 853 665 925; x_wconf 82' lang='lat' dir='ltr'><em>in</em></span> <span class='ocrx_word' id='word_1_24' title='bbox 692 850 929 940; x_wconf 62' lang='lat' dir='ltr'><em>Nominum,</em></span> <span class='ocrx_word' id='word_1_25' title='bbox 957 852 1068 955; x_wconf 85' lang='lat' dir='ltr'><em>cujus</em></span> <span class='ocrx_word' id='word_1_26' title='bbox 1093 870 1134 925; x_wconf 91' lang='lat' dir='ltr'><em>ut</em></span> 
     </span>
     <span class='ocr_line' id='line_1_5' title="bbox 57 964 1132 1071; baseline 0.004 -32"><span class='ocrx_word' id='word_1_27' title='bbox 57 990 141 1039; x_wconf 70' lang='lat' dir='ltr'><em>reor</em></span> <span class='ocrx_word' id='word_1_28' title='bbox 153 964 329 1040; x_wconf 70' lang='lat' dir='ltr'><em>edomitus</em></span> <span class='ocrx_word' id='word_1_29' title='bbox 346 967 450 1040; x_wconf 81' lang='lat' dir='ltr'><em>nolis</em></span> <span class='ocrx_word' id='word_1_30' title='bbox 463 972 585 1070; x_wconf 82' lang='lat' dir='ltr'><em>pariet</em></span> <span class='ocrx_word' id='word_1_31' title='bbox 598 993 748 1068; x_wconf 68' lang='lat' dir='ltr'><em>gennem</em></span> <span class='ocrx_word' id='word_1_32' title='bbox 765 982 901 1042; x_wconf 87' lang='lat' dir='ltr'><em>metum</em></span> <span class='ocrx_word' id='word_1_33' title='bbox 917 983 953 1043; x_wconf 89' lang='lat' dir='ltr'><em>et</em></span> <span class='ocrx_word' id='word_1_34' title='bbox 968 992 1132 1071; x_wconf 83' lang='lat' dir='ltr'><em>occupo-</em></span> 
     </span>
     <span class='ocr_line' id='line_1_6' title="bbox 58 1083 1134 1186; baseline 0.002 -31"><span class='ocrx_word' id='word_1_35' title='bbox 58 1086 193 1156; x_wconf 82' lang='lat' dir='ltr'><em>tiouem</em></span> <span class='ocrx_word' id='word_1_36' title='bbox 219 1087 435 1158; x_wconf 80' lang='lat' dir='ltr'><em>mccirnnm.</em></span> <span class='ocrx_word' id='word_1_37' title='bbox 462 1085 549 1159; x_wconf 80' lang='lat' dir='ltr'><em>Hoec</em></span> <span class='ocrx_word' id='word_1_38' title='bbox 577 1085 624 1158; x_wconf 74' lang='lat' dir='ltr'><em>ite</em></span> <span class='ocrx_word' id='word_1_39' title='bbox 651 1083 788 1159; x_wconf 86' lang='lat' dir='ltr'><em>dicenti</em></span> <span class='ocrx_word' id='word_1_40' title='bbox 813 1086 1000 1160; x_wconf 74' lang='lat' dir='ltr'><em>manifeste</em></span> <span class='ocrx_word' id='word_1_41' title='bbox 1026 1086 1134 1186; x_wconf 69' lang='lat' dir='ltr'><em>ano</em></span> 
     </span>
     <span class='ocr_line' id='line_1_7' title="bbox 58 1200 1132 1304; baseline 0.002 -30"><span class='ocrx_word' id='word_1_42' title='bbox 58 1201 264 1301; x_wconf 72' lang='lat' dir='ltr'><strong>propalavit</strong></span> <span class='ocrx_word' id='word_1_43' title='bbox 289 1202 403 1276; x_wconf 73' lang='lat' dir='ltr'><em>Helie·</em></span> <span class='ocrx_word' id='word_1_44' title='bbox 425 1200 525 1304; x_wconf 86' lang='lat' dir='ltr'><em>qnod</em></span> <span class='ocrx_word' id='word_1_45' title='bbox 540 1228 646 1276; x_wconf 82' lang='lat' dir='ltr'><em>snum</em></span> <span class='ocrx_word' id='word_1_46' title='bbox 666 1202 778 1276; x_wconf 76' lang='lat' dir='ltr'><em>vellet</em></span> <span class='ocrx_word' id='word_1_47' title='bbox 793 1202 1021 1277; x_wconf 74' lang='lat' dir='ltr'><em>consulatum</em></span> <span class='ocrx_word' id='word_1_48' title='bbox 1038 1226 1132 1276; x_wconf 75' lang='lat' dir='ltr'><em>ren-</em></span> 
     </span>
     <span class='ocr_line' id='line_1_8' title="bbox 57 1315 1135 1418; baseline -0.002 -25"><span class='ocrx_word' id='word_1_49' title='bbox 57 1317 159 1405; x_wconf 83' lang='lat' dir='ltr'><em>dere,</em></span> <span class='ocrx_word' id='word_1_50' title='bbox 174 1317 382 1418; x_wconf 72' lang='lat' dir='ltr'><em>patriosque</em></span> <span class='ocrx_word' id='word_1_51' title='bbox 389 1332 536 1417; x_wconf 80' lang='lat' dir='ltr'><em>penates</em></span> <span class='ocrx_word' id='word_1_52' title='bbox 545 1319 716 1393; x_wconf 80' lang='lat' dir='ltr'><em>revisere.</em></span> <span class='ocrx_word' id='word_1_53' title='bbox 729 1316 848 1392; x_wconf 81' lang='lat' dir='ltr'><em>Helias</em></span> <span class='ocrx_word' id='word_1_54' title='bbox 856 1315 950 1393; x_wconf 84' lang='lat' dir='ltr'><em>dixit</em></span> <span class='ocrx_word' id='word_1_55' title='bbox 963 1347 971 1389; x_wconf 91' lang='lat'>:</span> <span class='ocrx_word' id='word_1_56' title='bbox 987 1318 1135 1418; x_wconf 79' lang='lat' dir='ltr'><em>Cogno·</em></span> 
     </span>
     <span class='ocr_line' id='line_1_9' title="bbox 59 1432 1133 1535; baseline 0 -28"><span class='ocrx_word' id='word_1_57' title='bbox 59 1452 117 1507; x_wconf 85' lang='lat' dir='ltr'><em>tus</em></span> <span class='ocrx_word' id='word_1_58' title='bbox 133 1450 216 1506; x_wconf 91' lang='lat' dir='ltr'><em>tuus</em></span> <span class='ocrx_word' id='word_1_59' title='bbox 232 1458 331 1521; x_wconf 82' lang='lat' dir='ltr'><em>sum,</em></span> <span class='ocrx_word' id='word_1_60' title='bbox 353 1433 530 1524; x_wconf 82' lang='lat' dir='ltr'><em>Domine,</em></span> <span class='ocrx_word' id='word_1_61' title='bbox 550 1435 806 1535; x_wconf 76' lang='lat' dir='ltr'><em>suffingioque</em></span> <span class='ocrx_word' id='word_1_62' title='bbox 821 1458 902 1508; x_wconf 84' lang='lat' dir='ltr'><em>meo</em></span> <span class='ocrx_word' id='word_1_63' title='bbox 918 1432 1133 1509; x_wconf 80' lang='lat' dir='ltr'><em>sublimatus</em></span> 
     </span>
     <span class='ocr_line' id='line_1_10' title="bbox 58 1548 1136 1655; baseline -0.001 -30"><span class='ocrx_word' id='word_1_64' title='bbox 58 1578 97 1625; x_wconf 83' lang='lat' dir='ltr'><em>es</em></span> <span class='ocrx_word' id='word_1_65' title='bbox 120 1554 160 1623; x_wconf 85' lang='lat' dir='ltr'><em>in</em></span> <span class='ocrx_word' id='word_1_66' title='bbox 179 1551 392 1625; x_wconf 82' lang='lat' dir='ltr'><em>consulatus</em></span> <span class='ocrx_word' id='word_1_67' title='bbox 413 1551 568 1643; x_wconf 75' lang='lat' dir='ltr'><em>honore,</em></span> <span class='ocrx_word' id='word_1_68' title='bbox 591 1577 697 1653; x_wconf 87' lang='lat' dir='ltr'><em>quem</em></span> <span class='ocrx_word' id='word_1_69' title='bbox 716 1552 808 1626; x_wconf 86' lang='lat' dir='ltr'><em>nulli</em></span> <span class='ocrx_word' id='word_1_70' title='bbox 826 1566 930 1655; x_wconf 82' lang='lat' dir='ltr'><em>potes</em></span> <span class='ocrx_word' id='word_1_71' title='bbox 949 1554 1024 1625; x_wconf 83' lang='lat' dir='ltr'><em>nisi</em></span> <span class='ocrx_word' id='word_1_72' title='bbox 1044 1548 1136 1625; x_wconf 79' lang='lat' dir='ltr'><em>milti</em></span> 
     </span>
     <span class='ocr_line' id='line_1_11' title="bbox 59 1668 1136 1769; baseline 0 -26"><span class='ocrx_word' id='word_1_73' title='bbox 59 1669 153 1743; x_wconf 78' lang='lat' dir='ltr'><em>dare</em></span> <span class='ocrx_word' id='word_1_74' title='bbox 169 1669 230 1741; x_wconf 84' lang='lat' dir='ltr'><em>nel</em></span> <span class='ocrx_word' id='word_1_75' title='bbox 244 1668 413 1742; x_wconf 79' lang='lat' dir='ltr'><em>vendere.</em></span> <span class='ocrx_word' id='word_1_76' title='bbox 433 1669 534 1744; x_wconf 90' lang='lat' dir='ltr'><em>Nom</em></span> <span class='ocrx_word' id='word_1_77' title='bbox 540 1668 632 1769; x_wconf 81' lang='lat' dir='ltr'><em>filiu</em></span> <span class='ocrx_word' id='word_1_78' title='bbox 648 1669 817 1743; x_wconf 82' lang='lat' dir='ltr'><em>Herlerti</em></span> <span class='ocrx_word' id='word_1_79' title='bbox 834 1671 979 1744; x_wconf 84' lang='lat' dir='ltr'><em>comitis·</em></span> <span class='ocrx_word' id='word_1_80' title='bbox 995 1670 1136 1743; x_wconf 80' lang='lat' dir='ltr'><em>Lnnce·</em></span> 
     </span>
     <span class='ocr_line' id='line_1_12' title="bbox 60 1785 1135 1889; baseline 0 -30"><span class='ocrx_word' id='word_1_81' title='bbox 60 1785 138 1859; x_wconf 82' lang='lat' dir='ltr'><em>lino</em></span> <span class='ocrx_word' id='word_1_82' title='bbox 167 1785 214 1860; x_wconf 88' lang='lat' dir='ltr'><em>de</em></span> <span class='ocrx_word' id='word_1_83' title='bbox 237 1786 459 1883; x_wconf 79' lang='lat' dir='ltr'><em>Bulgeuceio</em></span> <span class='ocrx_word' id='word_1_84' title='bbox 486 1791 633 1889; x_wconf 82' lang='lat' dir='ltr'><em>nupsit,</em></span> <span class='ocrx_word' id='word_1_85' title='bbox 652 1789 760 1888; x_wconf 84' lang='lat' dir='ltr'><em>sique</em></span> <span class='ocrx_word' id='word_1_86' title='bbox 784 1786 1026 1861; x_wconf 76' lang='lat' dir='ltr'><strong><em>lancelinum</em></strong></span> <span class='ocrx_word' id='word_1_87' title='bbox 1051 1786 1135 1859; x_wconf 87' lang='lat' dir='ltr'><em>llu-</em></span> 
     </span>
     <span class='ocr_line' id='line_1_13' title="bbox 60 1904 1136 2007; baseline -0.001 -30"><span class='ocrx_word' id='word_1_88' title='bbox 60 1904 154 2003; x_wconf 88' lang='lat' dir='ltr'><em>dulfi</em></span> <span class='ocrx_word' id='word_1_89' title='bbox 167 1905 221 2003; x_wconf 87' lang='grc' dir='ltr'><em>(ι)</em></span> <span class='ocrx_word' id='word_1_90' title='bbox 235 1919 399 2003; x_wconf 82' lang='lat' dir='ltr'><em>patrem,</em></span> <span class='ocrx_word' id='word_1_91' title='bbox 417 1922 451 1978; x_wconf 91' lang='lat' dir='ltr'><em>et</em></span> <span class='ocrx_word' id='word_1_92' title='bbox 463 1905 667 1978; x_wconf 78' lang='lat' dir='ltr'><em>Jolannem</em></span> <span class='ocrx_word' id='word_1_93' title='bbox 681 1928 800 1978; x_wconf 85' lang='lat' dir='ltr'><em>meum</em></span> <span class='ocrx_word' id='word_1_94' title='bbox 813 1908 1012 2004; x_wconf 77' lang='lat' dir='ltr'><em>genitorem</em></span> <span class='ocrx_word' id='word_1_95' title='bbox 1026 1926 1136 2007; x_wconf 82' lang='lat' dir='ltr'><em>pepe·</em></span> 
     </span>
     <span class='ocr_line' id='line_1_14' title="bbox 60 2020 1135 2119; baseline -0.002 -25"><span class='ocrx_word' id='word_1_96' title='bbox 60 2025 120 2094; x_wconf 84' lang='lat' dir='ltr'><em>tit.</em></span> <span class='ocrx_word' id='word_1_97' title='bbox 138 2021 221 2093; x_wconf 88' lang='lat' dir='ltr'><em>Hoc</em></span> <span class='ocrx_word' id='word_1_98' title='bbox 236 2025 361 2119; x_wconf 75' lang='lat' dir='ltr'><em>itaque</em></span> <span class='ocrx_word' id='word_1_99' title='bbox 370 2020 531 2094; x_wconf 88' lang='lat' dir='ltr'><em>disserui</em></span> <span class='ocrx_word' id='word_1_100' title='bbox 541 2024 645 2095; x_wconf 81' lang='lat' dir='ltr'><em>moni</em></span> <span class='ocrx_word' id='word_1_101' title='bbox 660 2036 747 2113; x_wconf 86' lang='lat' dir='ltr'><em>estc,</em></span> <span class='ocrx_word' id='word_1_102' title='bbox 763 2024 974 2095; x_wconf 86' lang='lat' dir='ltr'><em>utmesicut</em></span> <span class='ocrx_word' id='word_1_103' title='bbox 987 2037 1022 2093; x_wconf 90' lang='lat' dir='ltr'><em>te</em></span> <span class='ocrx_word' id='word_1_104' title='bbox 1034 2024 1135 2093; x_wconf 85' lang='lat' dir='ltr'><em>scios</em></span> 
     </span>
     <span class='ocr_line' id='line_1_15' title="bbox 60 2136 1137 2240; baseline 0.002 -31"><span class='ocrx_word' id='word_1_105' title='bbox 60 2154 179 2210; x_wconf 74' lang='lat' dir='ltr'><em>ornem</em></span> <span class='ocrx_word' id='word_1_106' title='bbox 195 2136 243 2209; x_wconf 90' lang='lat' dir='ltr'><em>de</em></span> <span class='ocrx_word' id='word_1_107' title='bbox 262 2138 413 2210; x_wconf 70' lang='lat' dir='ltr'><em>comico</em></span> <span class='ocrx_word' id='word_1_108' title='bbox 431 2137 599 2211; x_wconf 69' lang='lat' dir='ltr'><em>Herlerti</em></span> <span class='ocrx_word' id='word_1_109' title='bbox 607 2141 800 2240; x_wconf 76' lang='lat' dir='ltr'><em>progenie.</em></span> <span class='ocrx_word' id='word_1_110' title='bbox 820 2139 866 2214; x_wconf 90' lang='lat' dir='ltr'><em>N</em></span> <span class='ocrx_word' id='word_1_111' title='bbox 863 2162 936 2212; x_wconf 80' lang='lat' dir='ltr'><em>unc</em></span> <span class='ocrx_word' id='word_1_112' title='bbox 956 2141 1070 2236; x_wconf 81' lang='lat' dir='ltr'><em>igitur</em></span> <span class='ocrx_word' id='word_1_113' title='bbox 1087 2136 1137 2211; x_wconf 81' lang='lat' dir='ltr'><em>de</em></span> 
     </span>
     <span class='ocr_line' id='line_1_16' title="bbox 61 2254 1136 2358; baseline 0.001 -31"><span class='ocrx_word' id='word_1_114' title='bbox 61 2276 143 2327; x_wconf 79' lang='lat' dir='ltr'><em>uteo</em></span> <span class='ocrx_word' id='word_1_115' title='bbox 165 2254 265 2352; x_wconf 91' lang='lat' dir='ltr'><em>quod</em></span> <span class='ocrx_word' id='word_1_116' title='bbox 285 2257 380 2326; x_wconf 75' lang='lat' dir='ltr'><em>mter</em></span> <span class='ocrx_word' id='word_1_117' title='bbox 396 2278 461 2328; x_wconf 81' lang='lat' dir='ltr'><em>nos</em></span> <span class='ocrx_word' id='word_1_118' title='bbox 481 2257 683 2331; x_wconf 77' lang='lat' dir='ltr'><em>conuenerit</em></span> <span class='ocrx_word' id='word_1_119' title='bbox 704 2256 854 2358; x_wconf 78' lang='lat' dir='ltr'><em>accipe,</em></span> <span class='ocrx_word' id='word_1_120' title='bbox 872 2269 907 2328; x_wconf 84' lang='lat' dir='ltr'><em>et</em></span> <span class='ocrx_word' id='word_1_121' title='bbox 926 2254 1136 2328; x_wconf 80' lang='lat' dir='ltr'><em>consulatus</em></span> 
     </span>
     <span class='ocr_line' id='line_1_17' title="bbox 61 2370 1137 2474; baseline -0.001 -29"><span class='ocrx_word' id='word_1_122' title='bbox 61 2386 215 2445; x_wconf 81' lang='lat' dir='ltr'><em>stemma</em></span> <span class='ocrx_word' id='word_1_123' title='bbox 232 2371 324 2444; x_wconf 79' lang='lat' dir='ltr'><em>milii</em></span> <span class='ocrx_word' id='word_1_124' title='bbox 338 2372 500 2463; x_wconf 85' lang='lat' dir='ltr'><em>dimitte,</em></span> <span class='ocrx_word' id='word_1_125' title='bbox 518 2370 622 2474; x_wconf 86' lang='lat' dir='ltr'><em>quod</em></span> <span class='ocrx_word' id='word_1_126' title='bbox 636 2398 756 2446; x_wconf 78' lang='lat' dir='ltr'><em>uicum</em></span> <span class='ocrx_word' id='word_1_127' title='bbox 770 2370 876 2446; x_wconf 80' lang='lat' dir='ltr'><em>delet</em></span> <span class='ocrx_word' id='word_1_128' title='bbox 892 2396 968 2446; x_wconf 84' lang='lat' dir='ltr'><em>csse</em></span> <span class='ocrx_word' id='word_1_129' title='bbox 985 2394 1137 2445; x_wconf 83' lang='lat' dir='ltr'><em>consan-</em></span> 
     </span>
     <span class='ocr_line' id='line_1_18' title="bbox 61 2487 1139 2590; baseline -0.003 -27"><span class='ocrx_word' id='word_1_130' title='bbox 61 2491 252 2589; x_wconf 80' lang='lat' dir='ltr'><em>guinitatis</em></span> <span class='ocrx_word' id='word_1_131' title='bbox 274 2492 373 2590; x_wconf 75' lang='lat' dir='ltr'><em>jure.</em></span> <span class='ocrx_word' id='word_1_132' title='bbox 408 2490 531 2563; x_wconf 81' lang='lat' dir='ltr'><em>Grave</em></span> <span class='ocrx_word' id='word_1_133' title='bbox 557 2488 703 2589; x_wconf 86' lang='lat' dir='ltr'><em>quidem</em></span> <span class='ocrx_word' id='word_1_134' title='bbox 730 2505 765 2565; x_wconf 91' lang='lat' dir='ltr'><em>et</em></span> <span class='ocrx_word' id='word_1_135' title='bbox 790 2489 1012 2564; x_wconf 80' lang='lat' dir='ltr'><em>laboriosum</em></span> <span class='ocrx_word' id='word_1_136' title='bbox 1037 2487 1139 2588; x_wconf 89' lang='lat' dir='ltr'><em>quod</em></span> 
     </span>
     <span class='ocr_line' id='line_1_19' title="bbox 62 2605 1137 2710; baseline -0.003 -29"><span class='ocrx_word' id='word_1_137' title='bbox 62 2623 220 2710; x_wconf 82' lang='lat' dir='ltr'><em>oppeto,</em></span> <span class='ocrx_word' id='word_1_138' title='bbox 245 2609 333 2706; x_wconf 87' lang='lat' dir='ltr'><em>quio</em></span> <span class='ocrx_word' id='word_1_139' title='bbox 354 2610 423 2679; x_wconf 80' lang='lat' dir='ltr'><em>nic</em></span> <span class='ocrx_word' id='word_1_140' title='bbox 441 2625 508 2680; x_wconf 85' lang='lat' dir='ltr'><em>eut</em></span> <span class='ocrx_word' id='word_1_141' title='bbox 526 2632 715 2707; x_wconf 86' lang='lat' dir='ltr'><em>nunquam</em></span> <span class='ocrx_word' id='word_1_142' title='bbox 723 2664 737 2698; x_wconf 99' lang='lat'><em>,</em></span> <span class='ocrx_word' id='word_1_143' title='bbox 760 2633 846 2681; x_wconf 91' lang='lat' dir='ltr'><em>cum</em></span> <span class='ocrx_word' id='word_1_144' title='bbox 868 2623 937 2680; x_wconf 80' lang='lat' dir='ltr'><em>tres</em></span> <span class='ocrx_word' id='word_1_145' title='bbox 946 2605 1024 2707; x_wconf 80' lang='lat' dir='ltr'><em>filii</em></span> <span class='ocrx_word' id='word_1_146' title='bbox 1041 2610 1137 2707; x_wconf 75' lang='lat' dir='ltr'><em>regis</em></span> 
     </span>
     <span class='ocr_line' id='line_1_20' title="bbox 65 2720 1136 2827; baseline 0 -30"><span class='ocrx_word' id='word_1_147' title='bbox 65 2720 260 2797; x_wconf 78' lang='lat' dir='ltr'><em>Guillelmi</em></span> <span class='ocrx_word' id='word_1_148' title='bbox 270 2720 494 2812; x_wconf 82' lang='lat' dir='ltr'><em>odviccrint,</em></span> <span class='ocrx_word' id='word_1_149' title='bbox 511 2732 550 2797; x_wconf 83' lang='lat' dir='ltr'><em>in</em></span> <span class='ocrx_word' id='word_1_150' title='bbox 561 2723 875 2827; x_wconf 80' lang='lat' dir='ltr'><em>pccepossidebo.</em></span> <span class='ocrx_word' id='word_1_151' title='bbox 894 2722 1022 2797; x_wconf 84' lang='lat' dir='ltr'><em>Valde</em></span> <span class='ocrx_word' id='word_1_152' title='bbox 1033 2723 1136 2797; x_wconf 83' lang='lat' dir='ltr'><em>iudi·</em></span> 
     </span>
     <span class='ocr_line' id='line_1_21' title="bbox 62 2840 1138 2944; baseline 0 -30"><span class='ocrx_word' id='word_1_153' title='bbox 62 2864 178 2944; x_wconf 71' lang='lat' dir='ltr'><em>gnum</em></span> <span class='ocrx_word' id='word_1_154' title='bbox 185 2842 450 2915; x_wconf 80' lang='lat' dir='ltr'><em>videturtontis</em></span> <span class='ocrx_word' id='word_1_155' title='bbox 457 2842 702 2944; x_wconf 82' lang='lat' dir='ltr'><em>principibus,</em></span> <span class='ocrx_word' id='word_1_156' title='bbox 715 2845 780 2943; x_wconf 89' lang='lat' dir='ltr'><em>qui</em></span> <span class='ocrx_word' id='word_1_157' title='bbox 788 2867 851 2914; x_wconf 84' lang='lat' dir='ltr'><em>nos</em></span> <span class='ocrx_word' id='word_1_158' title='bbox 861 2840 1138 2915; x_wconf 75' lang='lat' dir='ltr'><em>circumvallare</em></span> 
     </span>
     <span class='ocr_line' id='line_1_22' title="bbox 60 2959 1137 3061; baseline 0 -29"><span class='ocrx_word' id='word_1_159' title='bbox 60 2977 218 3061; x_wconf 83' lang='lat' dir='ltr'><em>possunt</em></span> <span class='ocrx_word' id='word_1_160' title='bbox 239 2960 392 3031; x_wconf 87' lang='lat' dir='ltr'><em>militum</em></span> <span class='ocrx_word' id='word_1_161' title='bbox 413 2974 557 3032; x_wconf 85' lang='lat' dir='ltr'><em>centum</em></span> <span class='ocrx_word' id='word_1_162' title='bbox 577 2960 756 3051; x_wconf 80' lang='lat' dir='ltr'><em>millibus,</em></span> <span class='ocrx_word' id='word_1_163' title='bbox 783 2977 823 3033; x_wconf 90' lang='lat' dir='ltr'><em>ut</em></span> <span class='ocrx_word' id='word_1_164' title='bbox 840 2988 865 3033; x_wconf 89' lang='grc' dir='ltr'><em>α</em></span> <span class='ocrx_word' id='word_1_165' title='bbox 883 2959 1137 3033; x_wconf 76' lang='lat' dir='ltr'><em>collimitaneis</em></span> 
     </span>
     <span class='ocr_line' id='line_1_23' title="bbox 66 3076 1140 3178; baseline -0.004 -26"><span class='ocrx_word' id='word_1_166' title='bbox 66 3077 323 3153; x_wconf 83' lang='lat' dir='ltr'><em>contribulibus</em></span> <span class='ocrx_word' id='word_1_167' title='bbox 341 3080 489 3178; x_wconf 84' lang='lat' dir='ltr'><em>impune</em></span> <span class='ocrx_word' id='word_1_168' title='bbox 503 3083 699 3176; x_wconf 81' lang='lat' dir='ltr'><em>potiantur</em></span> <span class='ocrx_word' id='word_1_169' title='bbox 713 3078 867 3178; x_wconf 80' lang='lat' dir='ltr'><em>aliquod</em></span> <span class='ocrx_word' id='word_1_170' title='bbox 881 3076 1059 3164; x_wconf 80' lang='lat' dir='ltr'><em>dedecus,</em></span> <span class='ocrx_word' id='word_1_171' title='bbox 1079 3076 1140 3149; x_wconf 84' lang='lat' dir='ltr'><em>uel</em></span> 
     </span>
     <span class='ocr_line' id='line_1_24' title="bbox 67 3191 1137 3292; baseline -0.001 -27"><span class='ocrx_word' id='word_1_172' title='bbox 67 3195 193 3292; x_wconf 84' lang='lat' dir='ltr'><em>aliquo</em></span> <span class='ocrx_word' id='word_1_173' title='bbox 217 3195 325 3267; x_wconf 91' lang='lat' dir='ltr'><em>modo</em></span> <span class='ocrx_word' id='word_1_174' title='bbox 348 3197 518 3267; x_wconf 79' lang='lat' dir='ltr'><em>amittant</em></span> <span class='ocrx_word' id='word_1_175' title='bbox 535 3197 615 3266; x_wconf 86' lang='lat' dir='ltr'><em>sinc</em></span> <span class='ocrx_word' id='word_1_176' title='bbox 634 3193 785 3267; x_wconf 71' lang='lat' dir='ltr'><em>terribili</em></span> <span class='ocrx_word' id='word_1_177' title='bbox 804 3193 992 3266; x_wconf 84' lang='lat' dir='ltr'><em>columnia</em></span> <span class='ocrx_word' id='word_1_178' title='bbox 1013 3191 1137 3291; x_wconf 89' lang='lat' dir='ltr'><em>quod-</em></span> 
     </span>
     <span class='ocr_line' id='line_1_25' title="bbox 68 3306 1138 3410; baseline -0.003 -29"><span class='ocrx_word' id='word_1_179' title='bbox 68 3308 153 3381; x_wconf 80' lang='lat' dir='ltr'><em>libet</em></span> <span class='ocrx_word' id='word_1_180' title='bbox 161 3312 246 3409; x_wconf 88' lang='lat' dir='ltr'><em>jus,</em></span> <span class='ocrx_word' id='word_1_181' title='bbox 264 3310 363 3410; x_wconf 88' lang='lat' dir='ltr'><em>quod</em></span> <span class='ocrx_word' id='word_1_182' title='bbox 371 3327 480 3410; x_wconf 84' lang='lat' dir='ltr'><em>pater</em></span> <span class='ocrx_word' id='word_1_183' title='bbox 490 3336 614 3383; x_wconf 89' lang='lat' dir='ltr'><em>eorum</em></span> <span class='ocrx_word' id='word_1_184' title='bbox 625 3309 889 3409; x_wconf 80' lang='lat' dir='ltr'><em>qualicumque</em></span> <span class='ocrx_word' id='word_1_185' title='bbox 899 3306 1138 3410; x_wconf 85' lang='lat' dir='ltr'><em>pectofuerit</em></span> 
     </span>
     <span class='ocr_line' id='line_1_26' title="bbox 67 3424 1138 3526; baseline 0 -27"><span class='ocrx_word' id='word_1_186' title='bbox 67 3442 211 3499; x_wconf 80' lang='lat' dir='ltr'><em>unctus.</em></span> <span class='ocrx_word' id='word_1_187' title='bbox 239 3426 303 3498; x_wconf 89' lang='lat' dir='ltr'><em>Me</em></span> <span class='ocrx_word' id='word_1_188' title='bbox 328 3454 469 3526; x_wconf 87' lang='lat' dir='ltr'><em>quoque</em></span> <span class='ocrx_word' id='word_1_189' title='bbox 490 3427 666 3500; x_wconf 80' lang='lat' dir='ltr'><em>libertatis</em></span> <span class='ocrx_word' id='word_1_190' title='bbox 689 3452 797 3499; x_wconf 85' lang='lat' dir='ltr'><em>amor</em></span> <span class='ocrx_word' id='word_1_191' title='bbox 814 3424 1050 3498; x_wconf 76' lang='lat' dir='ltr'><em>nihilominus</em></span> <span class='ocrx_word' id='word_1_192' title='bbox 1071 3428 1138 3499; x_wconf 85' lang='lat' dir='ltr'><em>sti-</em></span> 
     </span>
     <span class='ocr_line' id='line_1_27' title="bbox 68 3542 1140 3644; baseline 0.001 -30"><span class='ocrx_word' id='word_1_193' title='bbox 68 3543 206 3632; x_wconf 83' lang='lat' dir='ltr'><em>mulat,</em></span> <span class='ocrx_word' id='word_1_194' title='bbox 230 3560 265 3615; x_wconf 89' lang='lat' dir='ltr'><em>et</em></span> <span class='ocrx_word' id='word_1_195' title='bbox 286 3543 495 3616; x_wconf 70' lang='lat' dir='ltr'><em>hereditatis</em></span> <span class='ocrx_word' id='word_1_196' title='bbox 519 3547 628 3617; x_wconf 80' lang='lat' dir='ltr'><em>nvitce</em></span> <span class='ocrx_word' id='word_1_197' title='bbox 647 3542 826 3616; x_wconf 81' lang='lat' dir='ltr'><em>rectitudo</em></span> <span class='ocrx_word' id='word_1_198' title='bbox 843 3542 1053 3616; x_wconf 80' lang='lat' dir='ltr'><em>dimicandi</em></span> <span class='ocrx_word' id='word_1_199' title='bbox 1066 3569 1140 3644; x_wconf 82' lang='lat' dir='ltr'><em>pro</em></span> 
     </span>
     <span class='ocr_line' id='line_1_28' title="bbox 70 3661 827 3762; baseline -0.001 -29"><span class='ocrx_word' id='word_1_200' title='bbox 70 3661 134 3735; x_wconf 88' lang='lat' dir='ltr'><em>illo</em></span> <span class='ocrx_word' id='word_1_201' title='bbox 141 3661 328 3760; x_wconf 85' lang='lat' dir='ltr'><em>fiduciam</em></span> <span class='ocrx_word' id='word_1_202' title='bbox 347 3665 385 3734; x_wconf 87' lang='lat' dir='ltr'><em>in</em></span> <span class='ocrx_word' id='word_1_203' title='bbox 401 3664 482 3735; x_wconf 88' lang='lat' dir='ltr'><em>Deo</em></span> <span class='ocrx_word' id='word_1_204' title='bbox 497 3661 587 3734; x_wconf 86' lang='lat' dir='ltr'><em>mili</em></span> <span class='ocrx_word' id='word_1_205' title='bbox 600 3661 827 3762; x_wconf 81' lang='lat' dir='ltr'><em>suppeditat.</em></span> 
     </span>
    </p>

    <p class='ocr_par' dir='ltr' id='par_1_3' title="bbox 71 3775 1139 3969">
     <span class='ocr_line' id='line_1_29' title="bbox 116 3775 1139 3877; baseline -0.003 -28"><span class='ocrx_word' id='word_1_206' title='bbox 116 3778 179 3849; x_wconf 86' lang='lat' dir='ltr'><em>His</em></span> <span class='ocrx_word' id='word_1_207' title='bbox 204 3775 308 3849; x_wconf 83' lang='lat' dir='ltr'><em>dictis</em></span> <span class='ocrx_word' id='word_1_208' title='bbox 331 3778 480 3877; x_wconf 80' lang='lat' dir='ltr'><em>ignavus</em></span> <span class='ocrx_word' id='word_1_209' title='bbox 502 3775 682 3851; x_wconf 75' lang='lat' dir='ltr'><em>Allobsnx</em></span> <span class='ocrx_word' id='word_1_210' title='bbox 703 3777 851 3866; x_wconf 79' lang='lat' dir='ltr'><em>annuit,</em></span> <span class='ocrx_word' id='word_1_211' title='bbox 874 3791 911 3848; x_wconf 87' lang='lat' dir='ltr'><em>et</em></span> <span class='ocrx_word' id='word_1_212' title='bbox 932 3801 1002 3875; x_wconf 81' lang='lat' dir='ltr'><em>pro</em></span> <span class='ocrx_word' id='word_1_213' title='bbox 1022 3776 1139 3850; x_wconf 87' lang='lat' dir='ltr'><em>comi-</em></span> 
     </span>
     <span class='ocr_line' id='line_1_30' title="bbox 71 3892 1139 3969; baseline -0.002 -2"><span class='ocrx_word' id='word_1_214' title='bbox 71 3908 142 3967; x_wconf 76' lang='lat' dir='ltr'><em>ntn</em></span> <span class='ocrx_word' id='word_1_215' title='bbox 159 3893 445 3969; x_wconf 80' lang='lat' dir='ltr'><em>cenomannensi</em></span> <span class='ocrx_word' id='word_1_216' title='bbox 464 3921 486 3967; x_wconf 87' lang='lat' dir='ltr'>x</span> <span class='ocrx_word' id='word_1_217' title='bbox 503 3894 601 3969; x_wconf 84' lang='lat' dir='ltr'><em>milia</em></span> <span class='ocrx_word' id='word_1_218' title='bbox 616 3894 816 3969; x_wconf 79' lang='lat' dir='ltr'><em>solidorum</em></span> <span class='ocrx_word' id='word_1_219' title='bbox 833 3892 1139 3969; x_wconf 76' lang='lat' dir='ltr'><em>cenomannensis</em></span> 
     </span>
    </p>
   </div>
   <div class='ocr_carea' id='block_1_3' title="bbox 73 4114 1140 4372">
    <p class='ocr_par' dir='ltr' id='par_1_4' title="bbox 73 4114 1140 4372">
     <span class='ocr_line' id='line_1_31' title="bbox 102 4114 1139 4193; baseline -0.002 -22"><span class='ocrx_word' id='word_1_220' title='bbox 102 4121 142 4188; x_wconf 86' lang='grc' dir='ltr'><em>(ι)</em></span> <span class='ocrx_word' id='word_1_221' title='bbox 156 4117 260 4182; x_wconf 71' lang='lat' dir='ltr'><em>mont,</em></span> <span class='ocrx_word' id='word_1_222' title='bbox 281 4118 403 4190; x_wconf 83' lang='lat' dir='ltr'><em>premier</em></span> <span class='ocrx_word' id='word_1_223' title='bbox 421 4116 460 4171; x_wconf 87' lang='lat' dir='ltr'><em>du</em></span> <span class='ocrx_word' id='word_1_224' title='bbox 480 4135 560 4184; x_wconf 86' lang='lat' dir='ltr'><em>nom,</em></span> <span class='ocrx_word' id='word_1_225' title='bbox 581 4119 711 4193; x_wconf 74' lang='lat' dir='ltr'><em>seigneur</em></span> <span class='ocrx_word' id='word_1_226' title='bbox 728 4116 764 4173; x_wconf 86' lang='lat' dir='ltr'><em>de</em></span> <span class='ocrx_word' id='word_1_227' title='bbox 786 4117 954 4190; x_wconf 61' lang='lat' dir='ltr'><em>humei,</em></span> <span class='ocrx_word' id='word_1_228' title='bbox 980 4114 1084 4189; x_wconf 67' lang='lat' dir='ltr'><em>genem</em></span> <span class='ocrx_word' id='word_1_229' title='bbox 1103 4114 1139 4170; x_wconf 73' lang='lat' dir='ltr'><em>ilc</em></span> 
     </span>
     <span class='ocr_line' id='line_1_32' title="bbox 73 4203 1140 4279; baseline 0.003 -21"><span class='ocrx_word' id='word_1_230' title='bbox 73 4203 185 4278; x_wconf 69' lang='lat' dir='ltr'><em>lingue,</em></span> <span class='ocrx_word' id='word_1_231' title='bbox 205 4216 298 4260; x_wconf 83' lang='lat' dir='ltr'><em>comte</em></span> <span class='ocrx_word' id='word_1_232' title='bbox 313 4205 348 4260; x_wconf 87' lang='lat' dir='ltr'><em>de</em></span> <span class='ocrx_word' id='word_1_233' title='bbox 363 4207 566 4273; x_wconf 73' lang='lat' dir='ltr'><em>vermandois,</em></span> <span class='ocrx_word' id='word_1_234' title='bbox 582 4218 609 4263; x_wconf 84' lang='lat' dir='ltr'><em>et</em></span> <span class='ocrx_word' id='word_1_235' title='bbox 624 4207 731 4263; x_wconf 79' lang='lat' dir='ltr'><em>derenu</em></span> <span class='ocrx_word' id='word_1_236' title='bbox 747 4206 773 4262; x_wconf 88' lang='lat' dir='ltr'><em>le</em></span> <span class='ocrx_word' id='word_1_237' title='bbox 791 4224 879 4263; x_wconf 85' lang='lat' dir='ltr'><em>neren</em></span> <span class='ocrx_word' id='word_1_238' title='bbox 895 4205 934 4261; x_wconf 84' lang='lat' dir='ltr'><em>dn</em></span> <span class='ocrx_word' id='word_1_239' title='bbox 949 4207 991 4261; x_wconf 84' lang='lat' dir='ltr'><em>roi</em></span> <span class='ocrx_word' id='word_1_240' title='bbox 1009 4204 1140 4279; x_wconf 68' lang='lat' dir='ltr'><em>Philippo</em></span> 
     </span>
     <span class='ocr_line' id='line_1_33' title="bbox 75 4296 1120 4372; baseline 0 -19"><span class='ocrx_word' id='word_1_241' title='bbox 75 4312 119 4365; x_wconf 68' lang='lat' dir='ltr'><em>[nr</em></span> <span class='ocrx_word' id='word_1_242' title='bbox 130 4309 204 4355; x_wconf 77' lang='lat' dir='ltr'><em>cette</em></span> <span class='ocrx_word' id='word_1_243' title='bbox 217 4296 346 4361; x_wconf 78' lang='lat' dir='ltr'><em>alliencc,</em></span> <span class='ocrx_word' id='word_1_244' title='bbox 362 4300 411 4371; x_wconf 85' lang='lat' dir='ltr'><em>qni</em></span> <span class='ocrx_word' id='word_1_245' title='bbox 424 4308 473 4353; x_wconf 81' lang='lat' dir='ltr'><em>ent</em></span> <span class='ocrx_word' id='word_1_246' title='bbox 485 4298 541 4354; x_wconf 86' lang='lat' dir='ltr'><em>lieu</em></span> <span class='ocrx_word' id='word_1_247' title='bbox 554 4300 737 4372; x_wconf 60' lang='lat' dir='ltr'><em>precinentem</em></span> <span class='ocrx_word' id='word_1_248' title='bbox 750 4316 785 4353; x_wconf 84' lang='lat' dir='ltr'><em>en</em></span> <span class='ocrx_word' id='word_1_249' title='bbox 799 4298 825 4352; x_wconf 79' lang='lat' dir='ltr'><em>la</em></span> <span class='ocrx_word' id='word_1_250' title='bbox 838 4298 928 4353; x_wconf 72' lang='lat' dir='ltr'><em>minc</em></span> <span class='ocrx_word' id='word_1_251' title='bbox 940 4300 1028 4353; x_wconf 72' lang='lat' dir='ltr'><em>annin</em></span> <span class='ocrx_word' id='word_1_252' title='bbox 1043 4314 1120 4371; x_wconf 80' lang='lat'>¹⁰9⁰·</span> 
     </span>
    </p>
   </div>
   <div class='ocr_carea' id='block_1_4' title="bbox 0 0 1542 5244">
    <p class='ocr_par' dir='ltr' id='par_1_5' title="bbox 0 0 1542 5244">
     <span class='ocr_line' id='line_1_34' title="bbox 0 0 1542 5244; baseline 0 0"><span class='ocrx_word' id='word_1_253' title='bbox 0 0 1542 5244; x_wconf 95' lang='lat' dir='ltr'><em> </em></span> 
     </span>
    </p>
   </div>
  </div>
 </body>
</html>
