3016 5242
593 393 709 454 uum
730 392 919 474 ocnvus.
1235 398 1290 460 ⁴51

222 556 333 601 sacrae
359 528 624 600 communionis
647 527 817 600 viaticum
843 527 970 600 devote
995 545 1223 627 perceperat,
1251 530 1295 604 ad

212 642 418 718 ¹matutinos
441 645 485 719 de
512 663 631 718 sancta
657 647 809 745 Virgine
836 646 948 718 Maria
976 647 1103 720 lectori
1133 649 1293 746 poscenti

223 763 513 836 benedictionem
530 764 646 851 dedit,
666 781 737 835 eta
756 765 894 836 cunetis
909 765 970 863 qui
988 763 1155 854 aderant,
1170 764 1292 840 dieto:

223 887 360 970 Amen,
390 909 474 954 mox
501 883 667 980 spiritum
697 881 876 955 exhalavit
904 883 973 979 (ι).
1002 882 1082 974 Quo
1104 882 1293 971 defuncto,

220 1001 419 1097 Bajocensis
450 999 673 1087 Goissredus,
707 1027 747 1072 ae
779 1000 1035 1072 cerasiacensis
1074 1001 1291 1087 monachus,

219 1121 405 1206 suecessit3
439 1121 511 1219 qui·
532 1136 568 1190 et
600 1121 672 1216 ipse
706 1117 958 1193 immoderatis.
979 1117 1295 1193 adinventionibus

219 1234 375 1322 studuit,
393 1234 596 1334 durumque
605 1237 733 1334 jugum
748 1260 855 1334 super
868 1236 1024 1308 cervices
1036 1233 1296 1332 discipulorum

221 1355 429 1449 aggregavit
447 1354 501 1449 (a.)

271 1470 418 1541 Notitiae
456 1488 684 1567 posterorum
718 1470 795 1543 baec
831 1471 1000 1543 annotavi
1034 1470 1078 1544 de
1111 1462 1296 1547 modernis

220 1587 526 1684 praeceptoribus,
543 1590 604 1687 qui
624 1613 732 1659 novas
751 1586 961 1660 traditiones
978 1587 1182 1684 priscorum
1197 1616 1298 1687 prae-

217 1708 340 1774 serunt
364 1722 507 1800 patrum
532 1704 681 1793 ritibus,
700 1707 858 1804 aliosque
879 1705 1074 1777 monachos
1098 1707 1296 1780 saeculares

221 1823 400 1910 vocitant,
421 1850 461 1893 ac
475 1823 585 1917 veluti
601 1825 735 1921 regulae
753 1824 1048 1921 praevaricatores
1062 1839 1196 1895 temere
1210 1848 1297 1897 con-

219 1935 406 2008 demnant.
438 1937 602 2009 Studium
633 1956 669 2009 et
698 1939 858 2036 rigorem
886 1965 1013 2010 eorum
1040 1936 1293 2027 considerans,

222 2053 304 2124 iilos
323 2082 541 2153 magnopere
560 2082 635 2127 non
655 2056 843 2153 vitupero,
866 2073 1023 2128 attamen
1046 2054 1243 2156 majoribus
1261 2072 1297 2128 et

220 2172 383 2268 probatis
403 2173 565 2269 patribus
584 2199 659 2245 non
680 2191 876 2272 antepono.
896 2173 1071 2247 Arbitror
1094 2207 1102 2245 ε
1124 2176 1297 2274 ignorant

219 2289 319 2388 quod
347 2291 469 2362 beatus
498 2307 600 2389 pater
629 2291 872 2365 Columbanus
898 2292 943 2365 de
968 2293 1142 2365 Hibernia
1169 2309 1293 2378 ortus,

218 2425 344 2480 sancto
358 2409 552 2483 Benedicto
565 2426 889 2508 contemporaneus
900 2410 1009 2482 suerit
1021 2413 1092 2509 (ὃ),
1110 2426 1296 2509 paternam

217 2526 369 2599 domum
382 2531 608 2628 patriamque
623 2530 850 2628 relinquens,
869 2556 952 2601 cum
966 2529 1156 2626 praecipuis
1169 2554 1296 2601 mona-

219 2643 294 2716 chis
311 2646 345 2717 in
357 2647 736 2746 Galliasnavigaverit,
751 2663 788 2719 et
799 2675 818 2718 a
830 2645 1076 2735 childeberto,
1091 2671 1176 2747 rege
1187 2647 1298 2718 Fran·

218 2789 359 2851 corum,
373 2764 407 2835 fit
416 2767 448 2836 io
460 2764 661 2863 Sigisberti,
671 2782 864 2864 susceptus,
878 2765 914 2836 in
925 2763 1135 2865 Burgundio
1144 2764 1295 2836 Luxovii

218 2881 431 2952 coenobium
447 2886 691 2956 construxerit
705 2885 779 2982 (d),
798 2912 838 2956 ac
853 2882 1084 2981 postmodum
1100 2881 1147 2957 ab
1161 2882 1298 2980 impiis·

218 2999 305 3069 sima
319 3000 551 3073 Brunicbilde
564 3003 686 3099 regina
701 3002 883 3099 expulsus,
899 3003 935 3074 in
947 3003 1085 3074 ltaliam
1099 3001 1295 3089 secesserit,

216 3130 252 3184 et
269 3114 314 3184 ab
332 3106 556 3214 Aigilulpho,
575 3118 897 3215 Langobardorum
911 3144 1009 3218 rege,
1024 3134 1203 3216 receptus,
1219 3117 1296 3191 Bo-

216 3228 340 3301 biense
370 3234 628 3304 monasterium
657 3232 858 3305 condiderit
889 3234 957 3331 (5).
983 3235 1049 3304 Hic
1074 3232 1295 3306 admirandae

217 3348 414 3418 sanctitatis
438 3367 538 3445 pater
565 3350 659 3447 inter
686 3350 888 3447 praecipuos
916 3347 1111 3437 laboravit,
1131 3350 1242 3447 siguis
1260 3365 1296 3421 et

254 3570 295 3633 (t)
312 3567 348 3620 Le
365 3568 395 3621 16
409 3569 564 3639 septembre
579 3588 655 3624 1122.

255 3657 293 3725 (a)
312 3658 451 3726 Geoffroi,
475 3660 619 3714 deuxicmc
640 3660 711 3713 abbe
731 3659 766 3714 de
787 3660 898 3733 Savigni
919 3658 1091 3728 (rma-1138
1112 3679 1149 3715 ou
1173 3661 1204 3714 15
1223 3659 1293 3732 juil-

218 3746 257 3799 let
274 3746 367 3819 1139).
1231 3803 1241 3824 ,

253 3833 293 3904 (ὃ)
306 3837 383 3888 Saint
395 3837 565 3903 Columbae,
580 3847 698 3890 morton
710 3835 777 3902 615,
792 3856 827 3891 ne
840 3839 942 3891 saurait
954 3839 1013 3894 etro
1026 3839 1171 3894 considere
1185 3857 1293 3892 comme

216 3931 427 3996 contemporant
444 3928 477 3980 de
493 3932 563 3981 saint
577 3928 690 3992 Benoit,
707 3938 781 3981 mort
795 3948 829 3982 cn
843 3927 906 3994 543.

259 4017 268 4079 s
276 4020 297 4082 t)
313 4017 427 4070 Lnxenil
439 4038 473 4071 cn
488 4019 729 4073 Francbe-Comtc'·
742 4017 828 4091 (590).
841 4020 920 4074 Saint
931 4019 1086 4074 Columban
1100 4019 1142 4072 tut
1152 4019 1247 4071 chasse
1260 4016 1294 4069 dr

215 4126 246 4159 ce
262 4112 417 4162 rnonastore
430 4129 464 4161 cn
479 4108 540 4163 διο.

253 4197 291 4261 (5,
309 4199 344 4248 Le
360 4205 515 4255 monastice
531 4203 565 4258 de
581 4202 701 4268 Bobbio,
716 4200 779 4255 ville
794 4199 948 4272 episcopale
962 4199 996 4252 dc
1011 4197 1189 4264 lombardie,
1207 4215 1254 4252 sur
1269 4200 1291 4251 Ι.ι

217 4286 241 4336 Τ
246 4285 321 4337 rrbic
335 4286 344 4352 (
349 4284 424 4356 613).
