3046 5244
73 442 129 517 [η’
140 458 223 499 rasa.
241 440 334 519 1098]
477 440 594 507 tlltnt
613 442 753 509 llollllS.
1087 446 1150 509 w

71 570 308 644 succenturiae
329 573 405 669 (r),
423 597 506 673 qnae
530 576 692 675 graviter
712 589 908 675 coeperunt
929 570 1153 651 Christianos

74 688 273 786 impellere.
288 687 498 790 Neqaibant
512 692 642 769 Franci
655 708 798 767 tantum
816 694 993 794 impetum
1002 710 1060 769 tot
1071 718 1153 769 exa-

72 807 292 878 minatarum
315 809 506 883 nationum
530 811 729 899 sustinere,
743 809 806 885 sed
822 810 1021 887 titubantes
1044 836 1153 915 coge·

72 922 206 996 bantur
231 923 372 999 cedere.
392 927 531 1001 Tantus
546 928 647 1003 enim
664 944 744 1003 erat
759 928 901 1003 clamor
918 945 958 1003 et
981 930 1152 1030 strepitu
1274 1020 1280 1033 ι

71 1057 108 1114 et
123 1042 280 1115 telorum
293 1042 423 1133 imber,
437 1060 479 1118 ut
493 1047 611 1145 ipsum
618 1046 728 1120 etiam
740 1043 1003 1121 obnubilarent
1013 1070 1150 1121 aerem.

72 1160 253 1259 ingemuit
275 1160 526 1254 Boamundus,
544 1164 607 1265 qui
629 1162 791 1264 audique
815 1163 1059 1264 prospiciebat
1080 1163 1153 1253 eis,

73 1294 244 1376 tanquam
257 1279 419 1352 oculatus
436 1295 551 1369 totus,
566 1295 604 1354 et
619 1281 670 1354 ait
687 1308 697 1352 a
718 1278 1152 1373 clarummontem

76 1395 318 1471 Christianos.
345 1398 396 1470 Et
411 1396 540 1499 adjecit
559 1428 568 1470 s
589 1394 1015 1496 Radberlefflodbsrttts
1030 1398 1148 1499 siqui·

71 1511 175 1602 dem,
191 1513 336 1587 Girardi
354 1514 470 1606 lilius,
490 1542 595 1591 suum
609 1514 792 1591 detulerat
807 1516 984 1591 vexillum
997 1517 1074 1616 (a))
1090 1542 1151 1593 ra·

67 1636 200 1736 pidum
227 1637 437 1712 calcaribus
464 1666 553 1736 urge
580 1638 834 1742 comperient,
863 1657 899 1713 st
929 1638 1151 1713 Christianis

72 1755 309 1828 titubantibus
323 1760 582 1857 imperterritus
598 1757 886 1857 estojuramenl
902 1758 1046 1830 Memor
1056 1773 1149 1846 esto,

67 1901 213 1975 precor,
227 1891 420 1973 pareutum
431 1892 657 1963 nostrorum,
671 1891 708 1950 et
717 1900 766 1949 ne
776 1872 984 1949 lividaveris
996 1874 1153 1948 rutilan-

74 2009 142 2064 tem
171 1992 315 2064 tr'tulum
334 1994 588 2066 Francorum!
606 1992 711 2067 Scito
729 1991 835 2066 nobis
856 1991 958 2065 illico
979 1990 1029 2065 ds
1047 1991 1152 2065 coelr's

73 2112 261 2183 auxilium
265 2111 456 2209 jutarum.
472 2111 550 2185 Sed
565 2112 645 2185 vult
659 2111 764 2187 Deus
778 2128 818 2185 ut
830 2116 917 2199 nos,
930 2106 1153 2209 velutjbrtes

73 2226 231 2312 athletis,
242 2255 520 2329 promereamur
532 2246 567 2303 at
577 2227 837 2332 adipiscamur
850 2226 1032 2302 bravium.
1048 2224 1153 2302 Rod-

73 2343 218 2433 bertus,
248 2362 380 2419 sancta
406 2346 524 2421 erucis
545 2347 651 2448 siguo
666 2348 848 2436 munitus,
866 2360 903 2420 et
917 2344 1153 2421 auxiliaribus

73 2463 267 2561 manipulis
282 2464 519 2563 constipatus,
536 2464 684 2538 festinus
700 2462 823 2554 alluit,
840 2479 879 2538 ct
894 2464 1154 2539 cruentissimis

73 2579 202 2652 Turcis
226 2579 477 2654 audacissimus
496 2581 604 2656 miles
617 2579 773 2655 obstitit.
802 2578 905 2655 Adeo
921 2578 1079 2683 perfidos
1093 2604 1154 2682 ag·

74 2723 215 2797 gressus
230 2715 304 2786 est,
322 2715 364 2772 ut
380 2698 502 2773 vexilli
522 2696 724 2773 boamundi
742 2697 899 2800 lingulas
916 2698 955 2772 in
971 2724 1036 2773 ora
1060 2698 1154 2773 Tur·

75 2841 204 2889 corum
220 2818 375 2891 volitare
389 2818 541 2906 laceret,
560 2816 709 2918 altoque
728 2815 889 2890 clamore
902 2838 970 2891 sao
984 2814 1155 2917 aliquan·

77 2934 193 3005 tulum
238 2936 377 3008 Tuscos
423 2933 638 3009 deterreret.
681 2930 738 3007 Ad
777 2932 873 3008 illius
917 2931 1156 3033 primipilaris

78 3051 251 3149 impetum
270 3067 306 3123 et
327 3052 442 3124 altum
461 3052 657 3126 clamorem
675 3051 804 3124 Franci
828 3052 968 3126 animoa
985 3075 1155 3151 resump-

75 3182 221 3255 serunt,
247 3182 283 3239 et
307 3168 345 3238 iu
372 3169 511 3242 ‘lurcos
536 3169 758 3241 unanimiter
782 3167 987 3242 irruerunt.
1017 3167 1155 3270 Fragor

76 3310 263 3356 armorum
289 3286 425 3357 multus
450 3301 549 3373 erat,
569 3300 606 3358 et
626 3284 673 3357 ab
696 3284 800 3357 aereis
817 3281 1011 3357 cassidibus
1025 3285 1154 3359 elucu-
1226 3328 1234 3349 .

77 3400 202 3473 bratus
232 3402 323 3500 ignis
350 3399 583 3475 scintillabat.
611 3400 772 3475 Vulnera
801 3398 1016 3473 vulneribus
1042 3397 1158 3473 illide-

77 3517 187 3608 bant,
204 3535 241 3591 et
253 3520 370 3618 campi
392 3520 508 3593 nimio
523 3516 698 3618 sanguine
714 3513 1025 3615 purpurabantur.
1045 3516 1158 3591 intes-

79 3638 154 3709 tina
172 3636 311 3710 rideres
326 3636 580 3736 dependentia,
594 3661 683 3711 ctesa
697 3635 827 3735 capita,
842 3648 972 3708 trunca
984 3658 1153 3735 corpora,

78 3757 209 3855 passim
226 3757 449 3855 oppetentia.
468 3756 580 3829 Turci
601 3755 723 3857 itaque
747 3753 880 3829 timore
895 3753 1013 3828 nimio
1029 3770 1156 3828 exter-

116 4074 124 4137 (
132 4073 154 4138 t)
170 4070 206 4124 Le
219 4087 300 4141 corps
313 4069 348 4122 de
361 4072 469 4124 resena
480 4066 530 4123 des
542 4068 643 4125 Tures.

116 4160 155 4228 (a)
175 4159 211 4212 Le
225 4158 348 4229 drapmu
361 4157 396 4212 de
413 4156 556 4214 lloe'moud
570 4158 641 4215 etait
653 4176 756 4232 rouge,
773 4174 883 4214 comm
898 4157 926 4214 le
941 4156 1065 4231 drepana
1083 4156 1157 4214 Nor·

82 4247 165 4301 mand
180 4260 207 4303 et
220 4249 245 4301 le
258 4247 379 4319 drapeao
394 4247 564 4304 Scandinare
578 4272 584 4283 ·
601 4248 744 4305 Vexillum
758 4247 920 4304 Boamundi
928 4247 1123 4305 medicandum.
