3046 5244
232 488 315 563 {am
330 488 404 563 sco]
604 483 720 545 steen
740 483 896 544 sextus.
1238 489 1278 547 sr

229 618 354 719 quietis
370 615 577 716 defugium(
586 618 617 714 ι)
630 617 821 690 consecuti.
836 614 998 710 Quorum
1009 618 1160 690 servitus
1170 643 1281 717 quan·

232 750 303 806 tum
320 731 431 805 libera
441 786 452 820 ,
469 748 609 805 tantum
628 733 704 806 Deo
718 731 973 830 comprobatur
989 734 1143 807 extitisse
1164 749 1277 833 grata.

226 849 377 924 Omnem
393 851 525 950 quippe
532 849 855 948 mundistrepitum
862 851 1108 924 conculcantes
1118 849 1280 950 pedibus,

227 967 307 1041 sotis
333 964 559 1039 inherebant
575 966 796 1055 coelestibus;
816 968 928 1067 etqui
950 984 1076 1042 cuncta
1094 983 1282 1066 contemp-

229 1101 364 1174 serant,
383 1101 516 1184 practer
531 1085 644 1158 Deum
662 1084 750 1157 nibil
768 1083 955 1159 habebant
975 1085 1077 1160 Unde
1093 1085 1184 1160 bene
1200 1111 1283 1160 cum

229 1199 499 1301 psalmographo
521 1216 663 1274 cantare
686 1217 919 1275 meruerunt:
940 1205 1068 1277 Portio
1085 1230 1184 1293 mea,
1202 1204 1284 1274 Do-

232 1322 341 1407 mine,
361 1318 466 1408 dr'xi,
485 1318 666 1391 custodire
684 1319 797 1416 Iegem
820 1336 919 1391 tuam
938 1322 1006 1416 (α).
1026 1320 1161 1392 Summi
1175 1345 1283 1391 nam-

233 1459 293 1533 que
312 1435 378 1506 Dei
395 1433 628 1535 obsequentes
645 1435 734 1536 legi,
751 1459 833 1509 eum
848 1437 964 1510 solnm
981 1453 1123 1535 portem
1136 1439 1192 1534 (ὅ)
1215 1462 1282 1510 co·

236 1548 406 1625 orbantur
422 1551 580 1651 adipisci.
597 1584 615 1621 u

276 1698 292 1732 u
311 1666 407 1738 Dum
423 1691 511 1766 ergo
528 1682 601 1741 tota
618 1666 799 1766 vigilantia
817 1668 997 1742 interioris
1020 1667 1177 1742 bominis
1192 1694 1283 1767 pro·

236 1783 354 1856 tectum
386 1782 638 1885 adquirerent,
672 1807 786 1884 neque
815 1808 875 1857 eos
901 1799 963 1857 aut
994 1785 1062 1859 loci
1093 1785 1281 1883 asperitas,

238 1916 287 1972 tut
300 1900 497 1974 bestiarum
520 1903 639 1976 feritas
658 1928 676 1973 a
703 1902 888 2000 proposito
907 1899 1122 1988 deterreret,
1149 1903 1282 1974 sactum

237 2031 280 2088 est
295 2034 335 2090 ut
345 2017 492 2118 quidam
507 2018 703 2107 latronum,
716 2019 777 2118 qui
789 2019 914 2090 silvam
927 2018 1148 2105 incolebant,
1164 2017 1209 2090 ad
1225 2042 1284 2091 eos

237 2130 431 2208 diverteret.
459 2134 508 2206 Et
535 2133 714 2208 admirans
743 2161 869 2208 eorum
899 2137 1154 2226 constantiam,
1177 2152 1214 2207 et
1248 2136 1284 2207 in

238 2244 356 2321 Christi
391 2250 539 2323 servitio
568 2251 886 2349 perseverantiam,
921 2251 1004 2321 ait:
1035 2251 1068 2322 0
1094 2247 1261 2321 monachi
1272 2304 1284 2336 ,

237 2391 309 2463 puoe
330 2392 447 2440 causa
469 2364 682 2439 turbationis
701 2394 765 2439 nos
781 2364 848 2439 hus
870 2383 992 2466 partes
1017 2366 1132 2464 coegit
1155 2363 1286 2436 adire?

240 2484 303 2555 t'et
321 2485 504 2584 qraontodo
517 2488 804 2585 praesumpsistis
824 2490 861 2556 iu
883 2503 985 2558 tauta
1006 2484 1184 2586 hospitari
1197 2483 1287 2556 soli·

240 2601 380 2674 tudine?
404 2602 489 2675 Non
512 2604 686 2701 optinrum
709 2602 828 2676 locum
846 2605 1039 2676 invenistis.
1059 2605 1122 2674 An
1141 2602 1287 2673 nescius

239 2722 315 2816 puin
332 2719 394 2790 tic
410 2736 462 2790 est
480 2719 580 2791 locus
598 2720 778 2791 latronum
799 2720 873 2816 (4),
893 2736 927 2791 et
942 2745 1015 2792 non
1034 2713 1288 2791 eremitarum?

240 2835 346 2929 Hujus
376 2840 532 2909 nemoris
562 2838 693 2910 incolae
729 2840 861 2936 rapina
891 2840 1037 2927 ot'vunt,
1067 2838 1286 2936 proprioque

240 2956 381 3027 civnrtcs
406 2955 545 3043 lubore,
570 2971 748 3028 consortes
767 2958 848 3055 poti
862 2955 1000 3027 rtolunt.
1020 2954 1105 3026 Non
1128 2953 1193 3024 diu
1221 2956 1287 3024 tuti

245 3067 289 3142 bic
310 3100 387 3145 esse
405 3077 568 3174 potestis.
595 3075 778 3145 Pra‘terea
802 3100 890 3145 arva
918 3071 1055 3145 incultu
1083 3087 1117 3142 et
1145 3068 1287 3168 cifico-

247 3201 354 3275 tunsa,
382 3207 572 3288 vestroque
598 3190 714 3262 labori
738 3192 919 3262 invenistis
943 3193 1103 3288 ingrato.
1128 3185 1184 3258 Ad
1209 3185 1286 3259 hoec

250 3304 439 3378 tenerabilis
462 3323 562 3404 pater
584 3305 771 3394 Ebrulsus,
792 3323 831 3378 ut
846 3323 922 3378 erat
939 3309 996 3378 vir
1009 3307 1198 3405 eloquens,
1217 3304 1288 3376 sin·

250 3419 312 3512 pria
325 3424 607 3522 propositionum
624 3442 823 3512 exsecutus,
842 3423 1052 3524 respondit:
1074 3425 1115 3492 V
1111 3450 1184 3511 ere,
1190 3418 1285 3520 fra-

281 3736 310 3799 it)
319 3736 469 3809 defugiam.
480 3742 490 3809 (
497 3739 562 3793 Μαι.
577 3739 638 3793 bec.
650 3750 679 3793 et
692 3740 811 3809 Conch.)

293 3828 311 3871 ἰ’
324 3825 413 3881 cutm.
427 3847 520 3892 carru,
536 3826 581 3902 57.

284 3905 310 3976 ‘32
322 3914 433 3971 Patrem.
449 3919 459 3990 (
467 3920 530 3972 ttss.
548 3920 607 3973 Bec-
622 3930 649 3974 et
661 3919 780 3986 Concb.)

288 3999 312 4061 'i
327 4003 393 4060 Nous
411 4028 481 4063 nous
502 4020 687 4080 perniettrons
707 4009 741 4065 de
754 4009 905 4065 demandet*
926 4029 956 4064 ce
968 4027 1023 4083 que
1036 4007 1087 4062 des
1098 4006 1205 4060 solenus
1218 4021 1286 4076 pou-

259 4084 325 4141 “W
335 4099 432 4151 notra
451 4098 591 4156 recueillis
602 4099 670 4154 dans
685 4100 710 4154 la
726 4101 796 4154 soret
813 4099 848 4154 de
864 4088 1085 4161 saint-brmult‚
1100 4099 1114 4148 'a
1130 4095 1220 4148 moins
1232 4111 1287 4166 que

258 4190 283 4221 <e
293 4193 318 4229 tt
328 4184 360 4238 itit
371 4189 407 4241 dn
422 4191 511 4260 gibirr
525 4209 596 4260 pour
608 4190 668 4245 leur
681 4192 854 4246 subsistancc.
