3046 5244
611 465 727 527 Linea
748 466 904 531 SEXTUS.
1250 474 1289 536 83

273 622 291 659 s
310 592 436 693 ltaque
449 591 662 669 venerabilis
674 608 776 691 poter
787 591 957 665 Ebrullus
973 594 1010 664 in
1023 591 1163 666 basilico
1177 596 1289 668 sancti

227 707 318 782 Petri
341 711 588 810 apostolorum
611 710 801 810 priucipis‚
825 736 931 810 quarn
959 712 1031 809 ipse
1051 738 1093 783 ox
1116 711 1291 810 lapidibus

225 826 480 920 edificaverat,
504 830 540 902 in
561 854 645 902 saxo
660 854 866 902 marmoreo
881 827 1032 902 mirifice
1050 829 1207 928 sepultus
1224 848 1289 902 est.

226 944 293 1020 Ubi
320 971 435 1047 usque
460 949 494 1019 in
523 945 736 1022 hodiernum
758 945 853 1025 diem
872 945 1001 1020 diversi
1020 964 1193 1021 curantur
1213 949 1293 1022 lon-

227 1087 374 1161 guores,
389 1078 426 1133 et
439 1079 633 1160 prestante
647 1065 708 1160 pio
721 1061 904 1135 salvatore
913 1078 1041 1139 nostro
1054 1062 1295 1145 moerentibus

226 1177 448 1275 proveniunt
467 1176 729 1250 consolationes
736 1207 746 1265 ;
773 1177 829 1248 cui
851 1192 904 1249 est
922 1173 1041 1265 honor
1062 1193 1097 1252 et
1118 1182 1291 1277 potestas,

228 1321 294 1368 uns
319 1320 404 1368 cum
424 1296 530 1368 Patre
548 1311 585 1367 et
604 1294 741 1394 Spiritu
764 1296 914 1382 Sancto,
940 1274 1007 1394 per
1026 1297 1146 1368 omnia
1168 1297 1294 1371 soecula

227 1412 455 1486 saecnlommss
475 1411 606 1485 Amen.
626 1442 643 1480 n
1240 1394 1269 1495 ‚'

274 1528 325 1600 X.
350 1530 444 1603 Ecce
465 1522 579 1602 ritum
600 1530 713 1604 sancti
738 1530 850 1628 patris
870 1529 1012 1603 Ebrulfi
1033 1532 1208 1604 veraciter
1228 1531 1296 1604 de-

229 1647 366 1747 scripsi,
379 1672 542 1748 eamque,
554 1647 673 1721 sicuta
689 1645 874 1746 prioribus
886 1633 978 1719 editu
990 1663 1055 1735 est,
1069 1647 1203 1722 idcirco
1216 1647 1298 1723 lruic

228 1764 402 1864 opusculo
417 1763 610 1863 diligenter
628 1763 778 1850 inserui,
799 1778 840 1834 ut
857 1761 1057 1864 legentibus
1075 1768 1190 1864 prosit
1208 1765 1297 1837 tanti

231 1883 354 1954 notitia
371 1881 533 1979 patroni,
550 1879 778 1979 Dominoque
791 1879 867 1953 Deo
879 1880 1017 1979 placeat
1029 1906 1128 1952 meus
1147 1879 1250 1954 labor
1263 1899 1299 1955 et

229 1997 394 2107 affectus,
416 1998 477 2096 qui
495 2011 616 2097 satago
632 1996 822 2094 propalare
837 1999 1025 2069 nutritoris
1039 1996 1107 2070 mei
1125 1999 1300 2098 gloriosos

229 2131 344 2199 aetus,
365 2113 410 2186 ad
433 2112 573 2186 laudem
593 2113 688 2185 illius
711 2114 747 2184 in
768 2139 842 2212 quo
866 2115 1036 2201 risimus,
1058 2138 1248 2188 moremur
1264 2132 1300 2188 et

229 2257 362 2303 amus.
376 2230 512 2304 Verum
524 2255 567 2302 ex
578 2254 652 2330 quo
663 2231 831 2328 praelatus
843 2229 949 2303 heros
960 2232 1100 2302 transiit
1111 2254 1131 2303 e
1142 2230 1297 2316 mundo,

229 2350 288 2449 qui
305 2349 366 2421 vel
383 2363 475 2448 quot
493 2370 708 2420 successoros
725 2346 778 2418 illi
799 2348 935 2419 luerint
951 2372 1017 2444 per
1034 2371 1112 2419 oocc
1130 2373 1244 2420 annos
1261 2349 1298 2421 in

229 2464 387 2538 Uticensi
404 2462 595 2552 coeuobio,
612 2488 672 2536 seu
689 2464 811 2562 quales
825 2480 974 2537 eremus
986 2464 1204 2563 pertulerint
1218 2490 1302 2565 pro·

230 2583 397 2656 vinciales
419 2581 476 2655 rel
498 2578 713 2669 coeuobitae,
738 2582 882 2680 penitus
900 2582 1042 2681 ignoro.
1064 2581 1154 2654 Nam
1173 2581 1301 2655 subse-

227 2701 351 2801 quenti
371 2717 552 2797 tempore,
572 2697 661 2772 sicut
675 2701 750 2798 jam
775 2700 812 2771 in
833 2698 1014 2799 plerisque
1037 2700 1123 2773 locis
1146 2701 1301 2799 pleniter

228 2817 392 2904 enodavi,
410 2818 534 2916 piratae
548 2816 593 2890 de
604 2818 708 2890 Dacia
720 2818 849 2916 egressi
860 2834 956 2906 sunt,
973 2835 1007 2890 et
1018 2820 1117 2917 prius
1128 2820 1301 2920 Hastingo

227 2934 395 3021 ductore,
416 2961 457 3005 ac
472 2933 700 3031 postmodum
719 2933 894 3025 Rollom,
915 2936 949 3006 in
969 2935 1171 3008 Neustriam
1190 2960 1300 3009 sene-

229 3069 332 3136 runt,
350 3065 388 3121 et
400 3047 602 3121 christianae
616 3047 696 3120 [idei
712 3049 896 3148 divinique
910 3051 1026 3121 cultus
1041 3052 1174 3149 ignari,
1194 3078 1300 3150 super

228 3167 369 3240 fidetem
386 3168 560 3266 populum
585 3166 790 3238 immaniter
813 3165 1018 3239 debacchati
1043 3184 1138 3238 sunt.
1162 3168 1299 3242 Novio-

228 3312 326 3357 mum
338 3282 1299 3384 atqueRotomagum‚aliasquemultasurbesetoppida

229 3407 398 3503 vicosque
415 3418 756 3489 concremaverunt,
777 3400 943 3474 coenobia
961 3403 1073 3475 multa
1093 3405 1229 3503 ingenti
1248 3430 1301 3476 re·

230 3522 363 3621 ligione
387 3520 559 3620 pollentia
583 3518 858 3606 destruxerunt,
886 3519 1077 3620 pluresque
1103 3521 1300 3593 innumeris

230 3637 384 3712 oedibus
403 3640 565 3738 regiones
583 3635 776 3710 admodum
793 3635 982 3709 devastatas
999 3654 1099 3725 suut,
1118 3655 1153 3710 et
1170 3639 1298 3738 sugatis

231 3757 282 3828 rel
302 3756 499 3828 intersectis
518 3755 662 3838 incolis,
683 3756 842 3826 civitates
856 3770 892 3826 et
903 3753 1000 3825 villae
1019 3756 1055 3826 in
1070 3756 1298 3829 solitudinem

231 3873 380 3947 redacte
399 3888 496 3945 sunt.
516 3872 555 3942 ln
576 3887 672 3941 tanta
695 3870 913 3943 desolatione
935 3871 1089 3943 inermes
1111 3873 1296 3958 monachi,

233 3992 311 4091 quid
325 3996 485 4065 lacerent
502 3990 740 4086 nescii,'saepe
757 4005 1075 4079 contremuernnt3
1097 3991 1131 4062 in
1150 3991 1299 4063 miseriis

234 4109 367 4195 afflicti,
386 4107 512 4181 sedulo
526 4107 666 4204 ploratu
679 4104 799 4178 dolori
817 4132 881 4178 suo
896 4106 1156 4194 satisfecerunt,
1177 4108 1301 4181 linem·

235 4251 297 4322 qne
313 4253 416 4297 suum
443 4226 477 4295 in
499 4222 644 4295 latebris
665 4239 848 4319 gementes
870 4224 1064 4319 proestolati
1088 4242 1183 4295 sunt.
1208 4226 1299 4317 Qui-
