3046 5244
83 462 159 543 [su]
460 462 755 529 nnmsnxms.
1100 471 1141 530 ss

79 596 256 695 peculimn
263 651 277 685 ,
304 611 337 666 et
356 594 563 693 diligentem
583 615 617 669 te
637 598 791 671 trucides
803 597 1007 698 populum?
1025 600 1145 673 Mali-

81 713 176 785 mlns
201 730 236 785 et
261 711 397 813 infidus
418 715 530 813 regiae
549 717 736 816 majestati
758 713 988 816 comprobari
1001 733 1143 814 potest,

80 835 136 930 qui
164 832 442 932 persuasionem
479 848 518 903 ut
546 835 720 934 proprias
753 834 918 932 regiones
938 828 1047 932 jerio
1080 859 1144 905 sea

71 945 230 1043 flamma
243 945 462 1035 devastares,
479 946 546 1021 tibi
558 947 713 1044 largitus
726 964 792 1020 est.
811 947 874 1019 His
889 947 1038 1047 aliisque
1055 947 1148 1020 leni·

80 1059 142 1133 bus
156 1061 280 1134 verbis
292 1086 357 1135 cor
368 1061 463 1160 regis
477 1061 680 1135 emollitum
693 1078 764 1149 est,
779 1077 815 1135 et
829 1060 975 1135 dimisso
987 1063 1148 1135 exercitu

81 1179 150 1277 ipse
166 1202 234 1251 rex
251 1202 334 1250 cum
352 1176 537 1251 Berisurdo
555 1178 796 1278 Rotomagum
814 1179 993 1278 ingressus
1008 1195 1073 1250 est.
1092 1178 1145 1249 lbi

80 1318 201 1395 regem
218 1292 422 1367 Bennnndus
439 1320 522 1367 cum
543 1295 680 1394 ingenti
698 1295 832 1366 civium
849 1292 1009 1393 tripudio
1027 1318 1150 1367 susce·

80 1412 146 1509 pit,
164 1409 303 1509 dapsile
318 1411 525 1484 convivium
539 1411 775 1510 preparavit,
794 1411 982 1510 ipsumque
993 1435 1060 1510 per
1071 1411 1150 1509 plu·

80 1530 188 1602 riuios
204 1526 280 1601 dies
300 1555 384 1602 cum
401 1554 542 1602 summo
562 1530 684 1603 lavore
705 1528 875 1602 detinuit.
897 1529 1062 1629 Cumque
1084 1551 1148 1601 rex

79 1646 230 1748 quadam
247 1644 306 1719 die
322 1663 404 1745 post
420 1647 612 1746 prandium
631 1648 667 1720 in
686 1647 766 1720 aula
784 1647 975 1746 principali
995 1645 1149 1719 resedis-

79 1782 146 1853 set,
163 1778 203 1837 et
220 1790 303 1835 cum
316 1761 382 1835 sibi
401 1760 637 1837 assidentibus
651 1764 756 1837 laetus
772 1765 914 1863 negotia
931 1763 1034 1862 segni
1051 1777 1150 1836 truc-

82 1896 203 1967 tusset,
222 1880 335 1953 solers
356 1878 559 1953 Bernunlus
574 1879 782 1981 ambiguum
804 1880 970 1980 plurimis
993 1879 1151 1954 locutio-

84 2023 161 2069 nem
178 1993 309 2068 callide
333 2013 534 2094 promovet.
560 2004 714 2096 Ingens,
742 1997 878 2097 inquit,
902 1997 1081 2097 gaudium
1093 2048 1104 2086 ,
1128 2024 1151 2069 o

83 2115 325 2188 Narmanaici
342 2141 525 2214 pmceres,
550 2115 655 2189 nobis
679 2133 844 2189 ecortam
866 2132 936 2205 est,
956 2116 1055 2186 unde
1070 2116 1152 2188 Deo

83 2239 223 2331 gratim
237 2259 411 2332 agamus,
431 2249 470 2305 ut
485 2234 641 2332 dignum
654 2249 718 2304 est.
739 2233 929 2305 Hactenus
946 2233 1153 2303 servivimus

84 2350 173 2423 duci
183 2349 233 2421 de
240 2352 419 2449 progenie
429 2350 614 2435 Ballonis;
628 2375 728 2422 nurtc
741 2349 882 2421 volente
893 2348 973 2420 Deo
981 2373 1153 2447 paremus

85 2472 163 2567 regi
180 2495 317 2567 magno
339 2468 385 2541 de
401 2473 582 2571 prosapia
607 2467 737 2542 Caroli
754 2467 890 2565 Magni
907 2467 1150 2566 imperatoris.

87 2586 169 2658 lluc
182 2582 450 2684 usquefuimus
464 2585 629 2676 ducales,
645 2612 746 2659 nunc
758 2612 843 2657 vero
856 2610 981 2656 sumus
995 2582 1152 2683 regales,

88 2702 142 2774 ael
159 2704 265 2803 quod
287 2707 407 2803 ntajus
425 2720 497 2793 est,
518 2704 738 2805 imperiales.
759 2703 923 2802 Cumque
939 2726 1066 2775 omnes
1083 2698 1155 2771 hu-

83 2817 277 2915 jusoemodi
296 2820 522 2894 sermonibus
541 2820 824 2920 applaudissent,
850 2837 887 2894 et
904 2819 1025 2893 Gallos
1046 2817 1155 2891 blan·

86 2936 137 3009 dis
154 2936 431 3037 sophismatibus
450 2940 659 3029 illusissent,
679 2940 809 3012 iterum
826 2936 1029 3012 Bernnrdus
1046 2936 1157 3010 silen-

89 3056 176 3127 tium
194 3055 319 3153 petiit,
338 3058 546 3156 cunctisque
564 3055 764 3132 tacentibus
782 3057 829 3129 ita
844 3055 937 3129 dixit
952 3087 961 3127 :
977 3064 1022 3128 In
1036 3055 1157 3128 multis

89 3176 328 3269 sagacitatem
348 3176 576 3245 Francorum
591 3172 758 3275 approbo
767 3207 782 3259 ;
804 3189 1052 3245 verumtamen
1072 3171 1154 3243 Do·

90 3293 207 3359 minus
223 3316 323 3360 meus
341 3317 407 3361 reu
425 3289 639 3389 anamjecit
656 3318 729 3362 rent
747 3318 858 3389 quam
874 3318 949 3363 non
965 3288 1101 3378 laudo,
1121 3291 1160 3360 in

91 3431 164 3502 qua
177 3405 354 3479 damnum
367 3409 447 3507 ejus
460 3426 494 3480 et
505 3411 708 3481 masimum
719 3407 878 3482 dedecus
887 3408 1009 3480 video.
1019 3406 1064 3480 N
1061 3424 1161 3479 otum

91 3540 141 3593 est
156 3524 323 3599 omnibus
341 3526 442 3624 quod
460 3528 569 3627 Hugo
588 3528 750 3623 Magnus
762 3525 923 3626 pefidas
941 3541 1010 3613 est,
1029 3541 1062 3595 et
1077 3550 1162 3624 pro-

92 3638 217 3711 ditoris
230 3641 362 3740 filius,·
386 3645 448 3715 cui
472 3670 538 3715 res
555 3660 675 3716 noster
694 3645 826 3715 nimias
850 3645 947 3715 vires
972 3644 1085 3713 aurit
1110 3639 1163 3713 atl

93 3783 213 3845 suum,
233 3757 420 3859 nisallor,
440 3760 619 3852 dedecus,
639 3762 735 3836 dans
751 3762 810 3833 illi
835 3760 1066 3833 Osimensem
1083 3786 1161 3860 pa-

93 3898 178 3965 gum
199 3892 233 3944 et
254 3877 533 3949 Constantinum
555 3906 637 3951 cam
658 3879 780 3951 multis
803 3895 1029 3951 armatorum
1046 3874 1162 3947 milli-

98 3986 171 4057 bns.
204 3990 376 4063 nesn'tens
403 3994 633 4066 coresiliarius
660 3993 861 4096 simplicem
889 3994 1012 4066 lterum
1041 3990 1163 4061 dolose

99 4104 253 4207 decepit,
283 4125 316 4180 et
336 4110 490 4182 cultrum
510 4114 548 4184 in
567 4115 729 4185 annnam
746 4140 871 4202 suam,
886 4111 1038 4211 justitia
1056 4109 1164 4180 truti-

100 4243 223 4313 nante,
245 4225 397 4323 defiait,
418 4231 483 4329 qui
506 4231 650 4303 domirm
666 4257 734 4305 suo
756 4228 960 4328 cordonare
979 4229 1162 4299 inimicum
