3046 5244
225 478 334 557 [soso]
601 466 719 529 unm
740 466 928 527 ocrsvos.
1238 472 1300 535 sss

225 612 263 680 in
291 600 441 703 Turoffo
464 627 532 676 avo
555 626 633 673 meo
643 657 655 690 ,
674 615 709 671 et
728 596 885 698 Uafrido
899 616 1005 699 patre
1026 626 1126 690 meo,
1152 608 1298 705 accepi,

225 730 392 825 omnique
411 726 491 795 vita
513 747 595 793 mea
617 722 656 791 in
680 718 841 791 adversis
867 732 902 789 et
920 722 1107 821 prosperis
1116 716 1305 817 ferventer

225 844 378 920 sert’avi.
404 840 512 914 Absit
536 855 574 910 ut
592 835 748 927 amada,
769 862 851 909 cum
867 838 937 909 sim
953 838 1181 930 silicernius,
1205 842 1303 915 inci-

224 966 331 1065 piam
352 961 529 1033 desento
530 954 741 1058 fraudibus
748 1010 760 1044 ,
776 982 868 1055 quas
880 956 979 1028 odivi
990 956 1184 1049 hactenus,
1204 978 1239 1031 et
1255 958 1304 1032 ab

228 1080 375 1150 ineunte
395 1099 536 1173 semper
556 1088 665 1146 atate
684 1075 765 1143 totis
784 1070 944 1144 devitavi
960 1072 1122 1145 nisibus!
1143 1074 1196 1145 Et
1214 1078 1304 1175 quia

224 1211 434 1297 paterinus
455 1216 644 1290 nunquam
661 1190 863 1261 deviantem
879 1215 938 1260 me
955 1194 1087 1262 invenit
1108 1219 1132 1263 a
1154 1220 1222 1264 suo
1246 1192 1306 1266 la·

229 1331 320 1399 tere,
346 1316 411 1383 sed
420 1309 572 1407 fortiter
587 1307 846 1408 perdurantem
871 1308 908 1377 in
932 1334 1002 1378 sua
1021 1308 1219 1401 fidelitate,
1244 1314 1306 1383 ni-

229 1434 398 1528 miasque
405 1454 477 1529 pro
493 1426 557 1499 illo
574 1425 812 1498 adversitates
827 1423 1039 1497 tolerantem
1050 1426 1150 1498 virili
1163 1426 1304 1519 robore,

224 1574 309 1651 proe
332 1547 469 1618 certeris
496 1538 733 1643 optimatibus
759 1545 833 1613 suis
857 1539 912 1612 ad
931 1548 1057 1615 omnia
1078 1561 1218 1617 secreta
1237 1573 1307 1619 sua

229 1693 372 1768 semper
393 1664 522 1737 babuit
543 1688 614 1734 me.
640 1660 800 1761 Rogerio
824 1658 1065 1734 talia'dicenti
1088 1660 1162 1735 dux
1183 1662 1305 1737 dixit:

231 1784 416 1881 Magnam
428 1779 651 1880 legalitatem
667 1795 786 1866 tuam,
804 1775 951 1849 domine
963 1776 1119 1876 Rogen‘,
1135 1806 1211 1878 qua
1222 1795 1310 1854 tern-

227 1926 318 2001 pore
331 1914 479 2000 patrum
495 1923 653 1968 meorum
672 1893 866 1995 magnifice
880 1897 1049 1993 viguisti,
1066 1898 1190 1969 multis
1201 1916 1310 1973 attes-

232 2018 392 2092 tantibus
416 2019 551 2118 optime
575 2019 672 2087 novi.
702 2013 807 2085 Unde
831 2016 925 2087 sicut
948 2012 1007 2085 illi
1022 2032 1056 2086 te
1081 2014 1307 2105 dileeerunt,

232 2136 467 2234 consiliisque
493 2135 565 2204 tuis
586 2128 838 2231 probabilibus
862 2128 999 2201 utiliter
1023 2134 1307 2232 adquieverunt,

231 2279 302 2353 ego
318 2252 548 2324 nihilominus
563 2249 770 2350 prudentia
787 2265 858 2323 tua
872 2249 1122 2348 congratulor,
1139 2254 1310 2325 monitus·

231 2399 302 2472 que
320 2389 402 2443 tuos
420 2368 641 2470 amplector!
660 2366 775 2467 Quod
793 2366 1016 2462 verofilium
1033 2384 1136 2440 tuum
1154 2372 1309 2445 vinculis

232 2490 364 2589 injeci,
392 2488 461 2560 boe
484 2491 562 2558 sine
582 2484 693 2559 dubio
709 2511 783 2586 pro
807 2499 1012 2586 contempta
1036 2503 1097 2558 tuo
1120 2483 1307 2584 nonseci,

231 2605 300 2678 sed
321 2630 390 2703 pro
415 2605 495 2703 ejus
519 2601 811 2675 stomachatione
835 2598 950 2673 stulta
974 2603 1197 2702 m'miumque
1220 2630 1311 2705 pro·

232 2726 339 2808 caci,
368 2749 441 2821 qua
473 2723 666 2792 rm‘naciter
694 2734 729 2790 et
756 2723 960 2820 importune
987 2722 1177 2793 insistebat
1204 2721 1306 2795 mibi.

232 2839 408 2937 Rogerius
424 2837 541 2909 dixit:
563 2841 663 2936 (iaia
680 2841 905 2909 temerarium
913 2839 1084 2936 juvenem
1098 2843 1307 2939 castigasti,

233 2958 336 3030 laetus
362 2959 509 3055 gratias
536 2959 617 3055 egi,
648 2982 880 3054 magnasque
908 2965 1038 3027 iterum
1063 2959 1209 3056 gratias
1236 2986 1308 3059 ago

232 3094 361 3148 vestra
383 3075 611 3148 sublimitati.
638 3074 805 3164 Amodo,
828 3078 860 3147 si
876 3073 1003 3176 placet
1021 3092 1155 3149 vestree
1175 3084 1309 3150 sereni-

234 3198 319 3284 tati,
339 3195 566 3294 pnrcendum
586 3211 638 3265 est
654 3192 719 3265 illi.
738 3193 885 3265 Relaea
907 3197 1147 3293 castigatum,
1169 3194 1309 3295 etfide-

234 3311 301 3384 lem
324 3313 392 3384 tibi
412 3312 595 3383 erlu'bebit
605 3308 855 3409 jamulatum.
882 3309 1071 3383 Detibutus
1094 3312 1214 3414 itaque
1234 3314 1306 3387 dux

234 3426 475 3528 hujuscemodi
495 3427 633 3515 serbis,
656 3427 904 3499 Mellenticum
925 3428 1095 3499 comitem
1116 3429 1308 3504 avinculis

233 3545 403 3631 absolvit,
425 3565 560 3619 etcum
576 3564 679 3645 patre
701 3543 857 3617 liberum
877 3542 978 3616 abire
996 3546 1173 3642 permisit.

281 3666 362 3737 Non
385 3666 500 3738 multo
520 3683 601 3763 post
620 3666 796 3763 Rogemus
817 3690 900 3737 cum
918 3662 1078 3737 filiosuo
1096 3664 1244 3755 ducem,
1265 3685 1306 3739 ut

233 3780 416 3855 Brioisiam
429 3782 496 3855 sibi
509 3783 688 3871 redderet,
704 3782 905 3884 requisivit,
920 3799 956 3855 et
966 3781 1016 3855 ob
1029 3782 1099 3857 hoc
1113 3785 1309 3886 ingenspe·

234 3903 348 3973 cuniae
361 3901 501 3999 pondus
516 3902 695 4000 promisit.
711 3902 790 3973 Dux
804 3917 942 3990 autem,
958 3902 1121 4000 pecuniae
1136 3901 1302 4001 cupidus,

234 4020 393 4113 poscenti
417 4019 519 4090 sacile
542 4022 689 4109 annuit,
712 4037 748 4093 et
767 4022 918 4118 praelato
938 4022 1111 4119 municipi
1131 4020 1304 4119 oppidum

236 4132 389 4232 Roget-io
417 4135 516 4208 reddi
543 4139 728 4237 praecepit.
753 4137 820 4209 {tte
842 4162 929 4209 velo
952 4135 1033 4210 duci
1061 4135 1303 4227 remandavit,

236 4250 353 4326 {licens
371 4285 377 4322 :
398 4256 583 4326 limoniam
600 4264 633 4326 si
648 4256 711 4327 tibi
729 4266 784 4327 vis
802 4258 973 4342 retinere,
992 4256 1086 4326 sicut
1103 4281 1185 4327 eam
1196 4274 1309 4357 pater
