3016 5242
196 460 254 518 rso
468 452 651 514 unionis
672 451 974 513 ncccmasnca
1172 454 1261 530 [977]

240 585 378 662 Deinde
387 602 470 687 post
478 611 553 660 non
560 584 693 659 multos
701 582 788 674 dies,
800 583 1008 659 Hlotharius
1017 607 1096 676 rex,
1107 608 1264 687 congre·

192 733 279 808 gans
295 706 493 779 exercitum
512 704 697 802 copiosum
712 701 835 792 valde,
861 701 1043 776 revocavit
1062 702 1100 776 in
1117 700 1264 777 ditione

192 850 253 897 sna
269 822 499 897 Hlotharium
514 847 669 923 regnum
685 819 989 924 (1),.veniens‘que
1006 821 1050 894 ad
1062 821 1259 921 palatium,

192 940 290 1043 quod
306 958 457 1016 vocatur
475 941 691 1041 Aquisgrani
701 994 713 1031 ,
734 939 796 1012 ubi
814 939 984 1014 manebat
998 939 1085 1014 Otto
1103 941 1265 1040 impera·

193 1075 253 1133 tor
268 1085 351 1133 cum
367 1084 501 1151 uxore,
520 1058 607 1134 hora
625 1056 844 1157 prandendi,
867 1059 1115 1158 ingressusque
1135 1058 1174 1131 in
1193 1084 1264 1158 pa-

193 1178 332 1268 latium,
345 1178 491 1252 nemine
502 1174 782 1267 contradicente,
796 1174 1032 1250 comederunt
1041 1189 1079 1249 et
1086 1174 1264 1250 biberunt

192 1294 366 1397 quidquid
376 1287 436 1368 'ini
450 1291 495 1367 ad
508 1320 589 1368 suos
601 1321 683 1375 usus
698 1309 926 1394 paraverant.
944 1294 1030 1368 Otto
1045 1318 1135 1369 vero
1151 1291 1263 1394 impe·

192 1426 306 1501 rator,
326 1438 409 1485 cum
421 1437 535 1485 uxore
547 1438 608 1484 sua
622 1427 658 1485 et
672 1411 809 1511 populo
820 1412 976 1512 fugiens,
998 1410 1148 1513 reliquit
1164 1411 1262 1511 pala·

194 1528 296 1599 tium.
314 1526 527 1627 Deproedato
548 1529 667 1628 itaque
682 1527 891 1602 Hlotharius
907 1552 972 1601 rex
986 1526 1121 1628 palatio
1136 1542 1175 1602 et
1187 1543 1261 1602 tota

192 1644 400 1735 Provincia,
413 1671 576 1720 reversus
587 1662 640 1720 est
651 1646 688 1718 in
700 1645 888 1721 franciam
901 1672 982 1720 cum
997 1670 1102 1746 pace,
1117 1646 1262 1719 nemine

194 1777 428 1864 ,anquene
444 1763 460 1861 <
485 1766 513 1858 >-

241 1879 327 1952 Post
354 1878 453 1968 haec,
481 1878 567 1952 Otto
596 1879 793 1978 imperator
818 1900 1040 1979 congregans
1064 1880 1262 1953 exercitum

135 2014 140 2022 '
193 2021 316 2087 suum,
334 1999 436 2070 venit
458 1998 628 2086 Parisios,
646 1995 707 2069 nbi
734 1997 939 2071 interfectus
951 2013 1003 2070 est
1019 2022 1130 2095 nepos
1155 1995 1264 2095 ipsius

193 2108 354 2201 ottonis,
373 2138 457 2184 cum
474 2112 552 2185 aliis
566 2109 751 2210 pluribus,
771 2111 815 2184 ad
841 2129 985 2211 portam
1010 2112 1182 2199 civitatis,
1203 2111 1264 2182 in-

193 2250 299 2298 censo
309 2224 485 2300 suburbio
495 2227 603 2300 illius.
615 2227 817 2300 Jactaverat
828 2251 984 2327 namque
991 2253 1028 2300 se
1038 2224 1262 2314 extollendo,

192 2340 314 2415 dicens
335 2341 432 2443 quod
448 2343 611 2417 lanceam
632 2371 732 2416 suam
760 2343 926 2444 infigeret
944 2343 981 2418 in
1001 2344 1155 2417 civitatis
1167 2366 1264 2442 por-

194 2475 280 2532 tam.
293 2459 502 2534 Convocans
512 2461 840 2561 igiturHiotharius
851 2487 916 2535 rex
929 2463 1120 2561 Hugonem
1135 2459 1265 2534 ducem

193 2576 437 2666 Francorum,
454 2593 491 2650 et
506 2579 718 2653 Hainricum
735 2548 862 2652 discam
874 2576 1200 2678 Burgundionum,
1215 2577 1267 2650 ir·

194 2716 373 2794 mensque
401 2694 438 2766 in
462 2719 540 2786 eos,
565 2695 785 2796 fugientibus
806 2697 879 2771 illis
900 2713 1108 2796 persecutus
1131 2710 1187 2769 est
1202 2719 1266 2768 us-

193 2837 264 2912 que
288 2812 483 2886 Suessionis
509 2814 665 2886 civitate.
694 2815 752 2887 llli
779 2831 899 2888 autem
924 2813 1073 2915 ingressi
1103 2811 1267 2886 fluminis

194 2929 354 3021 alveum,
368 2928 621 3032 quoddicitnr
638 2930 784 3023 Axona,
804 2934 1000 3006 nescientes
1017 2929 1162 3022 vadum,
1181 2928 1267 3030 plu·

194 3047 277 3120 rimi
293 3046 342 3120 ibi
362 3047 562 3146 perierunt.
582 3049 632 3121 Et
644 3049 761 3123 multo
773 3048 894 3149 plures
915 3046 1137 3147 consumpsit
1152 3070 1266 3147 aqua,

193 3190 303 3265 quam
318 3163 454 3265 gladius
468 3183 636 3240 vorasset.
653 3160 804 3239 Ettanti
820 3165 870 3238 ibi
885 3166 1091 3266 perierunt,
1102 3178 1145 3236 ut
1156 3162 1268 3236 etiam

193 3307 283 3384 aqua
298 3280 516 3356 redundaret
532 3283 762 3358 cadaveribus
779 3300 1026 3358 mortuorum.
1045 3281 1149 3383 Aqua
1165 3282 1268 3354 enim

195 3401 406 3500 impleverat
423 3403 519 3502 ripas
531 3430 623 3476 suas.
637 3401 944 3476 Hiothariusvero
960 3426 1039 3491 rex,
1056 3413 1268 3474 constanter

193 3540 409 3617 persequens
428 3518 511 3592 illos
528 3518 643 3591 tribus
662 3517 787 3591 diebus
804 3533 841 3592 et
858 3515 976 3590 tribus
993 3513 1181 3604 noctibus,
1203 3537 1268 3585 ns-

192 3657 263 3732 que
279 3632 322 3706 ad
340 3633 492 3707 fluvium
501 3691 511 3724 ,
531 3634 629 3736 qnod
641 3634 723 3708 ssnit
733 3637 834 3734 juxta
848 3633 1080 3722 Ardennam,
1094 3633 1169 3705 sive
1188 3628 1268 3705 Ar-

193 3777 326 3851 gonam
339 3757 391 3851 (ὅ)
400 3809 411 3843 ,
431 3754 610 3828 interfecit
622 3779 666 3827 ex
680 3752 842 3827 hostibus
858 3752 1052 3826 maximam
1065 3742 1269 3824 multitudi-

227 3974 238 4042 (
243 3974 267 4043 1)
278 3973 353 4029 Liscz
367 3997 372 4026 2
386 3971 534 4028 Hlolharii.

226 4061 267 4132 (a)
279 4062 361 4117 Certe
372 4061 495 4135 surprise
508 4080 563 4136 que
576 4072 656 4116 notre
672 4072 771 4117 auteur
783 4079 798 4114 a
812 4062 874 4133 dsjs
884 4063 1032 4135 rapportee
1041 4058 1191 4125 eidessus,
1204 4067 1225 4112 t.
1241 4056 1265 4120 l,

194 4170 218 4220 p.
237 4151 303 4218 168,
315 4164 365 4208 eut
376 4153 432 4209 lieu
447 4170 506 4207 vers
522 4153 546 4207 la
560 4152 597 4207 fin
610 4151 645 4207 dc
655 4152 719 4224 juin
734 4169 796 4227 977.

230 4238 266 4308 ὃ)
277 4242 357 4299 Ccuc
367 4244 490 4299 invasion
502 4254 551 4300 cut
563 4242 619 4299 lien
629 4261 664 4297 au
679 4243 747 4298 mois
762 4242 905 4298 d'nctobrc
919 4240 954 4297 de
966 4239 992 4295 la
1007 4237 1097 4294 meme
1108 4238 1209 4292 annec-
