3046 5244
85 436 307 514 [rost-ross]
462 435 577 496 inea
597 436 799 497 sernum.
1101 444 1153 501 nr

143 565 389 666 Siclrelguada,
404 593 495 639 uxor
505 567 654 639 Roberti
670 567 862 656 Wiscauli,
880 566 949 639 filia
965 585 1043 641 erat
1055 570 1160 643 Gnai·

89 684 228 757 malchi
252 683 351 756 ducis
377 683 702 782 Psaleruitani(1)‚
727 711 901 786 sororque
925 685 1050 758 Gisulli
1078 688 1156 784 (2),

93 804 157 902 qui
179 802 311 875 ducatu
327 803 484 899 privatus
499 804 614 873 luerat
626 828 692 900 per
707 803 846 875 avidam
864 804 1083 877 invasionem
1097 829 1161 877 so·

95 921 187 991 rorii
206 921 273 990 sui.
290 921 375 990 llaec
391 918 641 991 Buamuudum
652 921 858 1019 privignum
874 947 975 992 suum
994 919 1078 994 odio
1094 921 1161 992 ba-

96 1036 223 1121 bebat,
243 1029 404 1109 metuens
419 1062 464 1110 ne
477 1064 541 1136 per
554 1064 652 1122 eum,
669 1039 749 1138 quia
763 1039 996 1124 fortiorem,
1011 1054 1046 1111 et
1058 1064 1161 1112 sensu

98 1154 279 1252 multaque
316 1151 496 1250 probitate
530 1152 710 1250 pollebat.
750 1154 924 1251 Rogerins
959 1154 1050 1226 lilius
1082 1180 1162 1225 snus

98 1269 275 1339 amitteret
292 1267 459 1339 dunatum
479 1267 619 1365 Apulia
636 1283 672 1339 et
687 1266 883 1356 Calabriae,
899 1270 959 1367 qui
977 1266 1043 1338 sibi
1063 1294 1163 1341 com·

99 1381 240 1479 petebat
260 1380 487 1454 haereditario
501 1384 593 1481 jure.
614 1380 717 1453 Unde
737 1384 808 1478 ipsa
829 1381 1026 1454 lethiferam
1039 1383 1163 1480 potio-

98 1525 177 1570 nem
202 1500 372 1587 confecit,
395 1515 430 1569 et
449 1499 698 1570 Psalernitanis
717 1497 902 1570 archiatris
925 1498 1043 1584 misit,
1069 1498 1163 1569 iuter

95 1642 182 1712 quos
195 1618 351 1687 enutrita
368 1619 503 1703 luerat,
522 1633 588 1688 eta
612 1614 742 1715 quibus
764 1615 1018 1688 veneficiorum
1038 1613 1163 1686 erudi-

96 1732 230 1804 tionem
255 1748 474 1829 perceperat.
495 1732 663 1804 Protinus
682 1732 744 1830 ipsi
768 1732 988 1806 voluntatem
1006 1730 1163 1804 dominae

97 1864 128 1918 et
155 1849 310 1918 alumnae
339 1873 410 1918 suae
434 1865 706 1946 cognoverunt,
734 1864 770 1918 et
795 1846 1026 1933 Buamuudo,
1054 1873 1162 1946 quem

100 1990 225 2035 curare
238 1962 457 2050 debuerant,
474 1965 570 2035 virus
585 1966 712 2038 mortis
731 1966 979 2054 coutulerunt;
998 1992 1070 2066 quo
1086 1991 1164 2063 per·

99 2096 224 2177 cepto,
244 2077 286 2149 ad
304 2095 458 2152 mortem
477 2081 683 2177 aegrotavit,
713 2082 877 2178 patrique
896 2106 961 2153 suo
984 2106 1050 2179 per
1065 2107 1163 2152 nun-

101 2200 188 2269 tium
217 2198 425 2296 languorem
458 2224 560 2269 suum
587 2200 752 2294 protinus
785 2199 976 2268 intimavit.
1008 2195 1164 2268 Callidus

100 2339 183 2386 sero
193 2313 267 2385 dux
281 2313 382 2387 dolos
393 2315 514 2385 uxoris
527 2339 598 2384 suae
616 2311 736 2385 subito
753 2310 1023 2398 arrimadrertit,
1036 2313 1164 2410 ipsam·

99 2456 167 2530 que
179 2448 263 2501 ante
278 2455 313 2501 se
328 2429 438 2501 tristis
453 2431 660 2513 accersiens,
676 2431 725 2501 sic
744 2430 977 2526 interrogarit
993 2459 1001 2498 :
1019 2430 1164 2500 Vivitne

101 2548 362 2635 Baamundus,
376 2548 545 2619 doruinns
558 2546 683 2618 meus?
693 2545 780 2637 Qnoe
791 2543 976 2642 respoudit
991 2575 999 2615 ε
1014 2546 1160 2631 NesciO,

100 2665 254 2736 dornine.
275 2663 323 2733 At
347 2664 406 2734 ille
424 2694 432 2733 ε
450 2665 609 2761 Afferte,
630 2664 765 2762 inquit,
786 2663 875 2732 nn'lu'
890 2679 1030 2733 textum
1045 2668 1163 2732 sarreti

100 2782 309 2876 Evangelii,
330 2799 363 2851 et
375 2782 555 2876 gladium.
576 2781 712 2873 Quibus
725 2781 858 2864 allatis,
880 2778 1037 2879 gladium
1059 2805 1162 2851 acce-

100 2899 166 2993 pit,
185 2914 220 2969 et
243 2923 350 2993 snper
366 2923 460 2968 saera
479 2899 528 2969 sic
541 2899 676 2995 jurarit
695 2929 702 2966 ε
725 2897 862 2984 Audis,
882 2895 1158 2995 Sicltelgnada:

100 3043 159 3111 per
177 3017 247 3087 doc
265 3033 432 3086 ,intactum
449 3017 485 3085 Ε
487 3016 689 3114 targellum
703 3017 790 3114 juro
808 3015 908 3112 quod
921 3017 955 3085 si
968 3016 1162 3086 Buanrun-

102 3133 282 3233 dusjilius
302 3161 399 3204 ureris
425 3134 492 3204 doc
520 3133 660 3217 morbo,
690 3161 759 3232 quo
783 3133 975 3219 detinetur,
1002 3149 1161 3203 mortuus

93 3250 169 3343 furt
178 3257 221 3338 it,
249 3251 319 3320 hoc
336 3278 417 3320 ense
439 3253 650 3321 intericiunt
669 3268 711 3319 te.
740 3249 854 3321 Porro
874 3250 930 3320 illa
949 3249 1008 3319 tali
1027 3250 1161 3348 allega-

103 3370 193 3440 tione
207 3369 314 3439 nimis
329 3370 469 3453 territa,
489 3369 641 3439 salutare
654 3365 854 3439 antidotum
871 3368 1105 3464 praeparauit,
1126 3382 1162 3438 et

103 3484 240 3555 medicis
260 3486 349 3569 suis,
368 3510 432 3580 per
446 3509 536 3583 qnos
550 3500 704 3556 mortem
723 3498 929 3579 paraverat,
943 3481 1159 3554 Psalerniam

105 3604 282 3671 iuiilestim
300 3603 493 3671 transmisit
510 3601 676 3670 uuutium
688 3655 697 3685 ,
719 3601 779 3698 qui
800 3616 838 3669 ut
858 3597 923 3668 sibi
944 3599 1159 3696 periclitanti

106 3715 455 3804 ulminicnlarentur,
478 3717 661 3788 blanditiis
683 3734 718 3788 et
737 3715 901 3815 precibus
921 3715 1062 3788 obnixis
1083 3717 1160 3788 sol-

108 3876 286 3891 b.—

135 3966 164 4029 'i,
178 3966 189 4009 l
193 3962 313 4014 {airnard
332 3963 380 4021 ll',
398 3964 491 4035 primu
506 3963 540 4014 de
555 3964 665 4016 Saturno
678 3966 685 4031 s
693 3965 841 4036 roay-robn
851 3970 866 4033 ,¹¹

132 4054 153 4101 ‘a
178 4052 289 4104 (lisitllr
306 4054 345 4109 ll,
362 4052 402 4105 lils
417 4054 501 4124 pnlni¹
519 4056 553 4105 de
567 4054 699 4107 llaitnanl
716 4056 756 4106 Π
772 4057 961 4128 (ntia-1077).
978 4057 1016 4105 (Iu
1033 4057 1160 4123 seigneur·

107 4146 180 4195 'uiuit
194 4144 270 4195 aron·
282 4162 411 4196 conseru-
424 4143 446 4196 la
462 4148 652 4197 ‚rouro-ainau·
665 4145 791 4198 ‹t'muatti
803 4146 931 4217 jusqn'en
948 4143 1024 4199 tollii,
1036 4154 1063 4195 et
1074 4144 1160 4197 u'etre

109 4246 167 4283 unut
183 4235 265 4305 qn'en
285 4252 357 4303 ¹⁰97·
