3016 5242
225 465 324 540 [roes]
598 465 713 525 tuen
733 434 890 530 sexsus.
1240 475 1277 532 n

224 593 347 691 opibus
370 596 406 667 in
428 595 542 668 aliena
564 596 709 696 tegione
731 598 907 672 violenter
929 599 1132 700 adquisitis,
1157 618 1200 674 ut
1221 604 1279 676 so-

224 713 331 785 rensis
349 715 450 787 saror
467 715 604 812 appetit
623 714 790 788 honorati
808 733 904 789 sunt.
920 718 996 790 Rex
1014 719 1133 817 itaque
1148 737 1185 791 et
1199 746 1279 791 ms-

224 830 316 928 guati
346 828 474 903 fundos
504 847 541 903 et
565 834 731 930 pecunias
757 860 798 906 nc
821 851 968 906 ornatus
1001 836 1157 909 ccclesiae
1198 863 1280 910 cum

223 946 348 1046 gaudio
359 948 408 1020 eis
419 946 608 1037 dederunt,
621 949 893 1023 etorutionibus
904 976 1030 1025 eorum
1041 979 1114 1026 sese
1127 953 1281 1026 fideliter

223 1078 253 1134 et
273 1060 404 1136 devote
430 1063 741 1137 commendarunt.
774 1066 1012 1140 Possessiones
1041 1085 1078 1140 et
1103 1069 1277 1156 ecclesie,

221 1179 453 1280 decimaeque,
469 1206 556 1280 quas
571 1183 674 1254 amici
698 1200 735 1257 et
752 1184 875 1258 affines
889 1185 1112 1258 Uticensium
1127 1187 1177 1258 eis
1189 1213 1281 1259 con-

222 1296 417 1383 donamnt,
444 1297 488 1371 nd
507 1300 674 1373 notitiam
695 1303 824 1374 sutura
851 1304 1082 1400 posteritatis,
1105 1305 1142 1376 in
1158 1304 1278 1376 charta

223 1418 436 1516 consignatas
452 1434 548 1490 suut.
568 1418 777 1516 Magnificus
789 1422 887 1493 cuim
896 1421 1108 1494 GuiUcimus
1120 1419 1280 1521 hujusce·

222 1534 311 1609 modi
338 1551 589 1608 testamentum
605 1535 643 1607 S.
661 1534 815 1609 Ebrulso
838 1537 1020 1626 condidit,
1042 1541 1078 1611 in
1107 1563 1181 1638 quo
1197 1565 1278 1629 sun,

223 1651 476 1752 hominumque
492 1679 639 1725 suorum
655 1653 747 1727 dona
773 1657 808 1727 in
827 1653 880 1727 his
892 1655 1012 1728 verbis
1028 1656 1139 1755 regali
1154 1673 1282 1729 aucto-

223 1769 319 1840 ritate
336 1785 521 1865 gratanter
532 1769 773 1841 confirmavit.

266 1885 501 1975 Guillclrnns,
514 1887 589 1958 Dei
595 1888 733 1984 gratia,
750 1914 818 1960 rex
826 1888 1032 1988 Anglorum
1044 1888 1168 1961 etdun
1178 1888 1283 1960 Nor·

222 2028 433 2074 annnorum
444 2019 556 2102 atque
570 2005 742 2103 princeps
763 2006 1099 2093 Cenomannornrn,
1116 2003 1282 2077 omnibus

219 2120 301 2210 fidei
329 2120 525 2194 catlzolicoe
539 2119 778 2219 fautoribus,
808 2147 1008 2222 pacemque
1039 2125 1076 2192 in
1106 2119 1278 2194 Ecclesia

222 2236 438 2311 servantibus
445 2294 458 2326 ,
473 2265 652 2312 summum
665 2255 699 2311 et
713 2238 975 2340 inexplicabile
985 2238 1120 2338 gaudii
1133 2264 1277 2309 munus.

226 2354 407 2453 Quoniam
424 2355 536 2429 breuis
555 2374 607 2429 est
628 2356 792 2429 mortalis
814 2358 913 2444 uita,
933 2372 967 2426 et
983 2354 1283 2455 degeneratione

222 2475 253 2542 in
271 2473 511 2571 generatione
531 2486 717 2544 transcunt
732 2474 877 2559 omnia,
894 2470 1064 2544 uolumus
1079 2470 1280 2542 litterarum

222 2591 416 2662 testimonio
433 2591 599 2687 temporis
610 2591 727 2662 nostri
738 2589 883 2661 decreta
898 2588 1125 2687 confirmare,
1142 2603 1181 2660 ut
1197 2612 1282 2686 quoe

222 2731 278 2777 rios
300 2701 572 2803 rectefacimus
595 2733 615 2776 e
636 2723 755 2778 nostro
771 2708 878 2805 jure,
897 2721 932 2776 et
954 2731 1002 2776 ea
1029 2704 1123 2776 data
1146 2731 1171 2774 a
1200 2703 1281 2773 Deo

218 2839 409 2919 potestate,
430 2847 534 2894 nemo
562 2847 809 2894 successorum
834 2838 1033 2894 nostrorum
1051 2819 1191 2892 audeat
1206 2821 1281 2890 aio·

221 2939 313 3024 lare‚·
333 2965 379 3011 ne
394 2937 534 3011 scilicet
550 2941 585 3011 ei
600 2937 842 3026 contradicat,
861 2939 927 3036 qui
940 2938 1065 3009 omnia
1082 2961 1197 3034 regna
1217 2961 1282 3005 suo

218 3055 365 3127 arbitrio
383 3054 584 3154 dispensat.
595 3055 683 3154 Ego
700 3057 822 3152 itaque
838 3050 1069 3138 Guillelmus,
1084 3055 1146 3122 Dei
1156 3053 1283 3150 gratia

217 3199 284 3246 rer
293 3227 305 3264 ,
321 3179 360 3244 in
376 3198 485 3269 regno
500 3172 590 3244 milti
601 3172 772 3244 divinitus
789 3174 981 3244 commisso
998 3169 1281 3263 eleemosynam,

217 3315 301 3388 qnoe
317 3287 406 3359 milti
416 3289 626 3389 perenniter
634 3290 775 3390 prnsit,
795 3283 958 3359 coenobio
979 3286 1023 3355 B.
1040 3281 1186 3376 Ebrulfi
1204 3297 1284 3353 tra-

220 3406 302 3480 dere
317 3407 490 3507 dispono,
513 3424 547 3478 et
564 3433 608 3479 ea
628 3432 710 3505 quac
716 3403 851 3504 fideles
870 3406 1000 3490 nostri,
1015 3428 1083 3502 pro
1101 3401 1286 3473 communi

221 3526 381 3595 munim
397 3523 528 3611 salute,
545 3523 593 3594 de
601 3521 906 3624 possessionibus,
919 3546 1012 3619 quas
1025 3523 1075 3590 eis
1087 3516 1189 3605 dedi,
1202 3516 1285 3612 legi·

222 3640 302 3712 time
313 3641 392 3712 Deo
405 3639 510 3728 dant,
527 3639 702 3726 concedo,
712 3643 955 3740 praesentique
967 3635 1185 3737 cirographo
1199 3660 1284 3707 con-

205 3756 457 3849 firmationem
480 3774 639 3828 nostram
649 3756 891 3858 praesentibus
908 3772 942 3828 et
950 3751 1096 3853 suturis
1119 3751 1284 3827 omnibus

224 3874 294 3946 Dei
293 3873 474 3973 fidelibus
489 3875 647 3972 notifico.
663 3875 846 3975 Inprinu's
860 3877 975 3970 igitur
985 3873 1145 3944 Uticensi
1159 3895 1284 3942 mona·

225 3995 348 4080 sterio,
376 3994 478 4092 quod
497 3992 620 4064 beatus
648 3992 786 4065 Christi
801 3992 983 4091 consessor
1001 3986 1179 4087 Ebruffus
1197 4014 1284 4059 con-

228 4117 354 4182 struxit
379 4118 418 4182 in
442 4138 581 4200 eremo,
610 4110 656 4183 de
678 4109 843 4183 dominio
868 4137 944 4181 meo
968 4109 1037 4210 pro
1065 4133 1189 4180 amore
1214 4105 1288 4176 Dei

230 4227 315 4300 dono
327 4258 336 4300 .·
348 4232 386 4301 in
402 4229 624 4302 Glaucestrae
636 4234 732 4302 scira
746 4229 883 4316 uillam,
898 4225 1169 4326 quatienda,
1185 4222 1287 4294 idest
