3046 5244
119 474 227 549 [ross]
488 469 606 530 muca
626 470 815 532 ocusus,
1125 473 1186 533 uos

120 605 272 678 dormis.
297 602 475 674 Inaudita
487 600 669 701 j'acinora
679 600 897 704 frequenter
912 603 1023 676 audis
1044 621 1078 676 et
1093 631 1189 703 paru

122 721 300 823 rependis.
322 720 411 792 Non
436 722 490 791 sic
514 723 589 819 egit
614 738 763 794 sanctus
786 720 930 809 David,
950 747 1017 793 nec
1031 747 1189 821 magnus

121 836 350 910 Alexander.
385 836 470 907 Non
510 840 565 909 sic
597 837 718 910 Julius
753 839 894 926 Ceasar,
933 864 1000 910 nec
1039 837 1193 911 Severus

122 951 215 1052 Aser
245 955 314 1050 (ι).
349 953 433 1026 Non
462 956 517 1026 sic
545 955 743 1027 Hannibal
776 955 1077 1053 Carthaginenses
1081 1012 1095 1047 ,
1125 980 1192 1029 nec

123 1071 251 1171 Scipio
263 1067 483 1167 Africanus,
499 1097 566 1143 nec
586 1072 703 1166 Cyrus
715 1073 851 1162 Persa,
872 1098 940 1143 nec
958 1073 1104 1144 Marius
1119 1072 1193 1144 Ro·

122 1215 263 1260 manus.
286 1187 392 1287 Quid
403 1215 526 1261 moror
537 1189 761 1284 inrebatiane
771 1189 1021 1280 barbarorum,
1035 1190 1191 1262 obscura

123 1332 272 1405 quorum
298 1308 406 1377 etiam
431 1309 580 1379 nomina
604 1305 666 1377 tibi
683 1322 768 1378 sunt
786 1305 1002 1407 incognita?
1019 1306 1192 1407 Replica-

122 1450 198 1494 nrus
210 1426 373 1512 notiora,
393 1440 426 1494 et
444 1425 619 1524 sanguini
635 1443 757 1498 nostro
770 1427 1051 1525 propinquiora.
1072 1425 1192 1497 Remi·

123 1542 259 1611 m'scerc
279 1558 422 1638 patrum
448 1557 482 1612 et
503 1567 741 1641 proavorum,
761 1568 916 1640 quorum
941 1543 1192 1641 magnanimi-

123 1672 231 1727 tatem
244 1672 278 1727 et
286 1659 452 1728 virtutem
463 1662 649 1757 pertimuit
660 1657 834 1730 bellicosa
844 1684 932 1755 gens
945 1661 1188 1730 Francorum.

122 1774 306 1845 Ballonem
315 1774 415 1864 dica,
425 1792 459 1847 et
469 1774 707 1847 Guillelmum
716 1776 1068 1876 Longam-Sputum,
1081 1791 1191 1876 atque

123 1908 189 1962 tres
204 1891 433 1982 uicturam,
452 1909 487 1965 et
505 1891 729 1965 Radbertum
747 1920 854 1965 avum
872 1910 990 1983 tuum,
1008 1910 1191 1995 postremo

126 2007 359 2079 Guillelmum
373 2027 515 2110 patrem
534 2027 653 2099 utrem,
674 2014 813 2081 cunctis
827 2009 1111 2083 antecessoribus
1127 2036 1192 2080 su-

124 2122 334 2196 blimiorem.
361 2126 518 2211 Horum,
541 2153 681 2225 quaeso,
700 2131 854 2224 rigorem
873 2126 1045 2200 amatore
1067 2144 1101 2198 et
1121 2126 1192 2224 effi·

125 2251 292 2331 cadam,
324 2246 419 2316 sicut
454 2244 513 2315 illi
540 2244 851 2345 pradecessorum
880 2271 1026 2316 suarum
1062 2246 1194 2316 sectati
1282 2329 1286 2341 Ι

123 2383 207 2435 sunt
230 2370 393 2464 uigorem
417 2385 450 2438 et
476 2368 714 2457 industriam,
740 2369 806 2466 qui
832 2393 945 2463 regna
975 2369 1105 2439 mundi
1124 2392 1195 2468 per

124 2486 316 2554 immensos
342 2483 484 2557 iabores
512 2485 760 2572 obtinuerunt,
779 2500 957 2581 tyrannos
980 2509 1194 2585 compresse·

125 2618 225 2687 runt,
245 2619 278 2672 et
293 2628 410 2672 sareas
430 2618 557 2701 gentes
578 2603 827 2674 edomuerunt.
854 2603 1141 2704 Expergisccre,
1159 2617 1195 2672 et

125 2720 294 2790 inm'etum
319 2746 484 2819 aggrega
509 2726 704 2794 exercitum
730 2720 992 2808 Normanniae,
1011 2736 1045 2790 et
1067 2724 1107 2790 iu
1127 2745 1194 2790 ur·

127 2835 202 2907 bem
225 2837 536 2909 Cenomanm'cam
553 2838 794 2939 proficiscere.
816 2838 873 2908 lbi
889 2853 972 2909 sunt
992 2838 1195 2935 municipes

128 2959 177 3023 tui
194 2959 230 3023 in
245 2982 346 3044 arce,
366 2983 477 3053 quam
493 2973 603 3055 pater
616 2973 697 3027 tuus
712 2954 896 3043 condidit,
913 2972 946 3025 et
959 2970 1034 3026 tota
1050 2955 1191 3043 civitas,

127 3099 207 3143 cunt
220 3073 425 3144 venerabili
440 3074 571 3144 Hoello
582 3077 764 3173 episcopo,
783 3072 850 3143 tibi
858 3088 1050 3170 gratanter
1060 3069 1191 3142 obedit.

128 3191 218 3262 Jube
235 3208 273 3261 ut
296 3192 383 3262 illuc
405 3218 528 3262 omncs
561 3192 911 3263 Cenornannensium
931 3214 1101 3288 proceres
1125 3213 1195 3259 ve·-

127 3309 229 3377 uiaat
255 3308 309 3377 ad
336 3325 389 3394 tc,
420 3326 453 3377 et
479 3307 808 3379 obsecundantibus
838 3307 930 3376 iretis
959 3303 1135 3401 affatibus
1161 3319 1195 3374 et

125 3424 288 3495 benivola
306 3443 422 3496 rneutc
439 3426 709 3522 congratulare.
730 3428 998 3494 (oriternuentes
1014 3448 1099 3494 uero
1113 3447 1195 3494 cum

126 3546 255 3614 uirtute
274 3545 426 3615 militari
442 3544 662 3643 aggredere,
678 3559 713 3614 et
731 3544 947 3614 munitiones
966 3568 1107 3630 eurum,
1127 3543 1196 3612 nisi

126 3667 193 3732 cito
208 3662 415 3733 dediderint
427 3690 485 3752 se,
494 3665 662 3763 protinus
675 3660 815 3733 obside.
836 3658 1196 3730 (enomcuriensibus

127 3779 350 3879 subjugatis,
387 3782 586 3879 Rogerr'um
618 3781 785 3851 comitem
817 3780 871 3874 (λ)
905 3775 1105 3875 aggredere
1112 3832 1125 3864 ‚
1161 3789 1196 3845 et

128 3897 241 3991 ipsum
264 3924 345 3967 curn
362 3900 539 3997 progenie
552 3925 621 3968 sua
635 3897 682 3968 de
684 3894 826 3996 jiru'bus
848 3889 1197 3986 Norruanm'oefun-

160 4171 197 4220 ·ἰ’.
211 4173 336 4243 Septima
353 4175 461 4226 Seniue.

165 4260 199 4313 [7³
217 4261 307 4323 Romu·
323 4264 356 4312 ds·
372 4265 602 4332 Montgmnnum.
621 4275 710 4316 comte
723 4264 757 4314 de
770 4261 961 4314 sinensium.
