3046 5244
233 476 272 534 78
507 471 690 531 HISTORIA
715 470 1020 532 Eccttsstssthn.
1135 478 1303 552 [tem]

232 604 384 677 charitas
397 604 550 703 amplius
566 602 706 676 laborat
721 629 789 701 pro
799 604 918 675 anima
930 630 1036 703 qnam
1051 631 1119 702 pro
1131 632 1299 705 oorpore.

231 722 300 814 Qui
326 721 408 793 lioet
430 722 558 793 miiitie
580 720 778 792 veneranda
807 719 994 806 canderet,
1020 723 1157 795 nescius
1180 740 1300 799 tamen

231 841 357 915 cedere
372 840 542 913 senectuti
555 856 636 926 ,aut
648 838 805 928 orando,
826 854 888 912 aut
905 838 1057 938 legendo
1064 894 1076 928 ,
1094 841 1191 913 diem
1207 868 1301 916 eon-

232 957 393 1032 tinuabat
419 960 537 1045 nocti,
560 963 661 1055 juxta
689 956 778 1030 ittud
800 956 897 1057 quod
922 959 1016 1031 inter
1039 959 1106 1030 alia
1130 957 1174 1032 de
1196 959 1302 1035 bato

231 1075 310 1148 viro
332 1076 513 1148 Psalmista
535 1075 623 1147 dicit
642 1104 651 1143 ε
668 1077 720 1146 Et
735 1081 773 1145 in
796 1076 876 1169 Iege
903 1075 1047 1147 Domini
1064 1076 1304 1149 meditabitur

231 1193 292 1263 die
307 1221 354 1263 ac
372 1211 477 1264 nocte
498 1195 566 1289 (ι).
587 1191 779 1263 Charitatis
796 1191 942 1291 quidem
961 1193 1042 1292 igne
1061 1193 1240 1291 repletus,
1263 1197 1300 1267 in

230 1311 329 1381 omni
347 1307 519 1380 exercitio
532 1309 706 1379 virtutum
722 1306 934 1406 persistebat
943 1306 1133 1380 adtentius.
1145 1309 1301 1382 Pecun-

232 1423 326 1497 tibus
337 1424 1297 1524 miserioors,suiorisintigiiabatfirmissimuscustos.

230 1540 295 1612 Cui
316 1542 475 1639 neglecta
492 1568 564 1614 suae
585 1543 676 1615 cutis
691 1568 797 1629 cura,
818 1539 933 1612 tribus
950 1538 1086 1614 vicibus
1103 1556 1245 1615 tantum
1263 1544 1299 1615 in

229 1685 327 1733 atrito
344 1659 560 1733 tondebatur
575 1684 691 1733 ooma.
711 1659 810 1732 Nutti
833 1685 993 1758 unquam
1017 1661 1053 1731 in
1077 1659 1217 1733 ultione
1239 1684 1300 1733 re-

231 1776 360 1849 tribuit
375 1774 482 1850 maia.
500 1778 536 1848 Si
553 1778 633 1876 quis
646 1775 793 1876 aliquod
809 1775 981 1849 damnum
997 1776 1041 1848 de
1058 1774 1166 1849 rebus
1183 1795 1300 1849 trans·

232 1896 345 1969 itoriis
367 1899 398 1968 ei
422 1897 640 1983 nuntiasset,
667 1896 843 1969 continuo
870 1893 1107 1993 respondebat
1133 1924 1142 1965 :
1167 1895 1299 1967 Domi·

230 2041 299 2084 stus
324 2014 494 2095 (abstula,-
512 2016 560 2084 sit
583 2039 713 2085 nomen
739 2014 891 2085 Domini
915 2013 1162 2086 benedictum!
1183 2013 1298 2086 Tanta

229 2134 261 2201 ei
288 2133 401 2203 virtus
431 2130 705 2205 reconciliandae
732 2132 826 2229 pacis
852 2131 985 2215 ineant,
1015 2148 1053 2202 ut
1080 2132 1300 2230 quicumque

228 2248 408 2323 discordes
421 2249 463 2321 ad
476 2275 558 2323 eum
574 2251 758 2335 venirent,
778 2251 851 2347 ejus
865 2248 1046 2321 mellifluis
1061 2249 1215 2346 mitigati
1229 2274 1297 2322 ser·

229 2366 413 2454 monibus,
438 2366 575 2464 pacifici
594 2381 809 2438 remearent.
828 2366 961 2437 Omnes
977 2381 1097 2438 autem
1113 2363 1157 2436 ad
1176 2388 1214 2436 ee
1234 2390 1298 2438 ve-

229 2485 386 2567 nientes,
407 2499 479 2553 tam
496 2480 639 2554 nobiles
657 2507 765 2580 qnam
788 2480 982 2580 ignobiles,
1003 2506 1175 2579 pauperes
1190 2499 1297 2581 atqoe

229 2600 438 2697 peregrinos
455 2597 558 2670 hilari
574 2598 677 2669 vultu
692 2597 899 2696 recipiebat.
915 2600 1064 2697 Semper
1078 2597 1172 2697 apud
1188 2626 1296 2671 entre·

229 2732 283 2787 tos
306 2715 505 2787 laetissimus
523 2739 596 2787 esse
620 2714 786 2801 volebat,
815 2741 969 2815 raroque
993 2734 1054 2789 sut
1082 2719 1162 2803 vix,
1188 2742 1296 2816 quesn

228 2833 421 2930 reciperet,
450 2831 583 2932 absque
604 2833 766 2932 quolibet
793 2834 1007 2907 munusculo
1029 2861 1048 2905 a
1070 2860 1106 2905 se
1132 2833 1298 2907 recedere

229 2949 473 3048 permittebat.
507 2949 643 3023 briirmi
675 2954 782 3023 etiam
814 2979 879 3050 per
907 2950 1193 3026 benedictionem
1223 2955 1298 3051 ejus

225 3069 376 3141 sartitnte
407 3084 570 3166 recepta,
603 3066 852 3141 benedicentes
877 3070 990 3142 Deum
1020 3068 1185 3142 redibant
1213 3096 1297 3143 cun

228 3188 363 3285 ingenti
384 3187 520 3259 betitia.
540 3186 686 3259 Curictis
702 3185 857 3287 denique
877 3188 1020 3260 inustum
1037 3189 1155 3259 virum
1173 3205 1297 3287 peten-

227 3304 322 3378 tibus
346 3323 467 3404 0ptata
492 3305 728 3405 proveniebat
753 3306 857 3378 salus.
884 3306 989 3378 Multi
1013 3331 1179 3407 quoque,
1205 3332 1298 3405 quoe

223 3424 315 3496 adeo
328 3424 476 3496 vexabat
489 3426 739 3497 immanissima
757 3425 808 3497 vis
821 3422 991 3508 febrium,
1008 3450 1089 3495 cum
1101 3425 1296 3523 nequinum

225 3543 323 3613 arbre
340 3540 530 3616 beatissimi
552 3545 617 3614 siri
638 3560 890 3641 eosnpectum,
914 3543 1028 3615 missis
1046 3542 1170 3639 legatis
1186 3566 1297 3639 mge-

225 3660 312 3732 bant
332 3664 405 3759 ejus
425 3662 726 3745 munificentiam,
747 3663 916 3761 quatinus
934 3660 1173 3745 cinctorium,
1197 3658 1296 3760 quod

223 3779 291 3851 sibi
311 3778 355 3853 de
377 3782 538 3853 furrieuio
565 3796 772 3878 pararant,
797 3796 858 3850 :int
883 3776 1017 3878 aliquid
1045 3776 1090 3849 de
1115 3794 1210 3849 veste
1235 3802 1295 3849 tua

223 3895 405 3968 charitatis
421 3898 534 3994 gratia
553 3914 782 3967 mererentur
799 3896 973 3993 arripere.
992 3896 1060 3983 Qui
1077 3918 1121 3965 ex
1140 3892 1209 3965 bde
1229 3891 1297 3964 boe

225 4016 340 4111 ipstnn
354 4012 632 4109 eorninssrbunt,
648 4032 682 4084 et
697 4015 845 4112 pristinu
857 4011 1087 4086 ‹tonalnntur
1098 4012 1263 4083 serrium.
1276 4040 1294 4075 υ
