3046 5244
228 413 425 487 [ιυκιο-ιοιιο
439 406 534 485 1098]
623 398 742 465 alneu
761 398 902 466 NONUS.
1240 406 1302 475 563

227 540 358 626 ductu,
376 552 417 610 ut
434 534 653 636 promissum
671 534 742 611 illis
757 534 895 623 inerat,
910 534 949 611 iu
967 548 1104 611 terram
1122 558 1224 612 anam
1239 562 1304 613 ne·

227 656 493 754 migraverunt.

278 767 535 842 Remeantihus
560 768 727 859 Francis,
751 770 815 869 qui
840 792 925 859 eoa,
943 783 985 843 ut
1001 785 1149 869 pactum
1165 772 1302 861 inerat,

227 887 470 975 deduxerant,
491 886 733 989 intrepidique
745 889 822 987 jam
834 887 881 963 ad
895 887 987 963 lines
1001 914 1084 965 snos
1099 889 1213 965 anci
1237 916 1307 991 ap·

229 1002 526 1105 propinquabant
545 1034 555 1075 =
574 1029 657 1078 ecce
673 1003 869 1079 Baldninus
894 1001 941 1079 de
964 1004 1081 1106 Reges
1103 1005 1162 1105 (r)
1185 1004 1308 1081 sabito

230 1124 302 1197 illis
323 1122 504 1213 obviavit,
523 1122 683 1223 initaque
705 1123 744 1197 in
758 1121 907 1197 nomine
927 1122 1075 1197 Domini
1088 1148 1211 1223 pagna
1226 1122 1309 1199 har

230 1241 339 1314 heros
371 1239 563 1338 percussit,
600 1236 754 1327 occidit,
789 1254 828 1312 et
861 1261 954 1338 pene
988 1263 1117 1315 omnes
1157 1237 1306 1315 delerit.

231 1357 369 1432 Deinde
386 1357 638 1447 Antiochiam,
655 1357 780 1456 spoliis
796 1372 968 1449 namura,
993 1382 1077 1431 cum
1093 1358 1229 1433 familia
1246 1384 1308 1435 tua

232 1476 351 1562 venit,
375 1490 412 1548 et
430 1474 532 1549 laetos
554 1497 719 1549 rumores
737 1473 863 1549 amicis
883 1473 957 1547 suis
981 1473 1122 1549 retulit.
1148 1474 1308 1569 Verum,

232 1594 316 1694 quia
341 1619 439 1665 nuuc
464 1617 501 1665 ae
525 1590 635 1665 offert
656 1592 797 1666 occasio
818 1590 997 1666 referendi
1018 1590 1108 1693 qnid
1131 1591 1312 1669 Baldnino

235 1710 444 1809 contigerit,
455 1708 557 1781 stilus
570 1723 706 1783 nostrae
716 1707 938 1783 narrationis
950 1708 989 1782 in
1001 1708 1152 1783 nomine
1161 1707 1311 1785 Domini

233 1829 414 1901 succincte
432 1823 649 1900 enucleabit.
671 1824 755 1900 Non
772 1823 872 1899 enim
887 1808 986 1900 sileri
999 1823 1110 1899 dehet
1126 1836 1225 1900 tauta
1238 1851 1310 1902 nea.

286 1945 353 2016 Xl.
378 1943 584 2038 [Autumno
604 1943 732 2044 1097.]
748 1943 943 2043 Postquam
962 1941 1180 2034 Baldninus,
1198 1959 1242 2019 ut
1256 1970 1314 2019 sn-

235 2082 301 2160 pra
318 2061 456 2134 dictum
469 2077 537 2147 eat,
550 2058 742 2135 Tancredo
752 2085 837 2135 enm
849 2057 1091 2136 amaritudine
1106 2060 1311 2153 recedente,

234 2179 402 2269 Tarsum,
411 2177 546 2252 Ciliciae
555 2175 698 2268 urbem,
709 2175 886 2266 obtinuit,
894 2174 1103 2268 Godet'redi,
1111 2178 1310 2270 fratrisani,

234 2296 464 2396 aliorumque
478 2294 613 2368 ducum
627 2293 806 2369 exercitus
821 2291 999 2382 desernit,
1018 2312 1056 2370 et
1071 2322 1156 2370 cum
1170 2321 1232 2371 oon
1246 2297 1314 2371 mi·

233 2412 359 2486 litibus
380 2412 640 2513 armigerisque
655 2411 727 2485 suis
742 2408 788 2487 ad
807 2408 978 2485 Edessam
998 2410 1129 2486 urbem
1146 2410 1310 2487 divertit.

233 2530 372 2603 Ducem
385 2553 474 2602 vero
488 2530 694 2604 'l'ureorum
709 2529 785 2627 (a),
801 2527 864 2629 qui
877 2526 993 2604 eidem
1005 2528 1209 2605 Provinciae
1221 2556 1315 2633 prae·

235 2647 387 2734 sidebat‚
401 2645 503 2737 adiit,
516 2645 756 2748 militiamque
764 2671 865 2719 anam
878 2643 923 2719 ad
935 2647 1149 2721 servitutem
1159 2648 1234 2749 ejus
1244 2648 1316 2723 ala·

235 2767 347 2839 criter
357 2763 503 2838 obtulit.
515 2764 581 2838 ilie
590 2788 679 2838 vero
690 2760 1168 2840 cumcivibussuisfraucoe
1178 2765 1313 2840 milites

235 2898 422 2982 gratanter
435 2882 602 2980 suscepit,
617 2880 790 2979 opulenta
806 2879 877 2953 illis
891 2881 930 2953 in
944 2878 1036 2954 urhe
1048 2879 1205 2982 hospitia
1215 2882 1314 2957 dele·

236 3003 353 3100 gavit,
373 2999 522 3073 uberem
537 3001 674 3072 victum
691 3016 728 3072 et
741 3000 885 3098 copiosa
901 2998 1080 3100 stipendia
1104 3001 1310 3089 constituit,

236 3136 273 3190 et
297 3118 445 3191 tutelam
471 3118 580 3190 totius
608 3116 766 3215 regionis
789 3142 862 3189 aute
887 3116 1168 3193 commendavit.
1193 3119 1312 3194 Porro

272 3398 282 3463 (
288 3398 311 3466 ι)
327 3397 401 3450 Liscz
415 3419 419 3447 ι
436 3392 556 3449 Edessa.
566 3389 729 3448 Gnillaamc
741 3388 780 3444 dc
790 3389 876 3462 Tyra
887 3385 992 3463 adepte
1003 3406 1112 3445 comme
1122 3400 1205 3447 notre
1212 3384 1313 3451 antem

236 3497 309 3542 cette
325 3486 488 3558 synonymic
505 3484 629 3538 erronee.
650 3482 687 3537 la
702 3479 817 3555 plupart
831 3477 882 3535 dee
895 3489 993 3536 autres
1006 3479 1159 3537 historiens
1171 3479 1222 3537 dea
1236 3482 1312 3540 eroi-

236 3577 314 3633 sades
326 3575 465 3650 appellent
479 3563 579 3630 Edesse
592 3573 691 3641 lionae,
707 3570 801 3638 Rhea,
817 3569 932 3634 Rhoan
945 3569 1012 3626 e’eet
1023 3586 1063 3626 ιιιι
1074 3570 1181 3645 vettige
1192 3568 1233 3626 dn
1246 3587 1311 3629 ιιι·-

236 3685 303 3721 nom
316 3665 351 3720 de
368 3663 519 3729 Callirhoe,
533 3681 588 3736 que
599 3660 639 3716 lui
653 3658 747 3717 donne
759 3659 855 3728 Pline,
870 3660 886 3714 h
899 3676 982 3715 mute
995 3658 1032 3716 de
1044 3677 1074 3715 sa
1085 3658 1158 3717 helle
1171 3659 1311 3731 immine,

236 3770 265 3810 ct
278 3776 348 3829 pour
362 3756 385 3810 la
401 3755 558 3825 distinguer
571 3751 753 3819 d'Antioche,
768 3748 840 3806 dont
851 3746 905 3806 elle
920 3749 990 3806 enit
1002 3753 1019 3806 i
1031 3760 1105 3807 eette
1117 3752 1228 3828 dpoqne
1238 3750 1312 3809 i’he·

238 3865 376 3917 monymc.
389 3842 576 3916 Aujonrd’hui
588 3841 627 3896 lca
637 3842 728 3896 ancs
737 3838 898 3914 l’appelleat
913 3838 994 3913 Orsa.
1004 3839 1087 3896 Cette
1098 3838 1213 3897 villeeat
1222 3842 1312 3898 neate

237 3957 273 3991 au
288 3937 414 3991 nord-cst
427 3939 482 3990 cti
497 3933 704 4007 cinquante-sir
718 3932 822 3988 beares
834 3931 870 3986 dc
883 3931 998 3987 marche
1009 3929 1186 3987 d'Antioche.

273 4029 312 4096 (a)
327 4027 427 4081 C'dtait
438 4044 476 4078 un
489 4026 568 4080 vicux
582 4041 757 4097 gonrcrneur
770 4021 861 4091 Grec,
878 4024 984 4095 cnroyc'·
996 4020 1066 4077 dana
1079 4038 1112 4076 ee
1126 4039 1193 4095 pays
1206 4038 1271 4080 tour
1284 4023 1311 4080 le

239 4121 325 4188 aigne
336 4117 372 4170 dc
385 4116 549 4188 l'cmporcur
562 4115 681 4171 llornain
696 4113 820 4189 Dioghnc
834 4110 1032 4186 (redd-107¹),
1043 4121 1073 4168 et
1083 4110 1213 4186 qn’llnne
1225 4111 1311 4171 Com·

241 4210 312 4261 nine
328 4205 433 4278 appella
450 4206 567 4259 'I'irnrns
