3046 5244
130 492 235 571 [rosa]
487 486 604 547 ranan
624 484 828 551 surrrnns.
1133 494 1194 554 roo

127 620 306 721 prosequi,
322 620 410 717 quie
423 619 556 690 dicineo
565 618 742 716 placitum
755 645 830 690 non
844 635 897 691 est
909 622 1103 718 nrnjestuti.
1122 622 1197 693 Ya-

129 736 397 840 naenprobnte:
413 735 696 833 eccelocas(1)
717 737 793 809 lloc
810 734 985 818 (licentes,
1004 763 1078 811 non
1096 763 1198 837 poste

129 854 205 927 lieri
226 850 402 952 putabant
423 848 520 951 quod
538 850 590 922 illi
608 849 792 924 volebant.
813 850 906 922 Nam
921 851 995 924 lere
1016 876 1055 925 cc
1080 852 1200 952 olym-

130 969 274 1069 piadum
288 968 466 1041 enrricula
484 969 720 1054 transierant,
735 992 779 1040 ex
793 993 867 1068 quo
880 966 1002 1041 beatus
1017 970 1197 1057 Nicolaus‚

130 1089 190 1190 qui
202 1090 239 1161 in
251 1087 281 1158 N
287 1088 395 1160 icaena
405 1085 555 1184 spando,
567 1085 633 1157 sub
645 1085 750 1158 beato
760 1086 1047 1185 SilvestroPapa,
1061 1104 1097 1159 et
1109 1088 1202 1161 Con·

131 1206 290 1277 stantino
311 1203 493 1301 principe,
516 1205 604 1274 lacta
621 1203 726 1274 luisse
750 1203 895 1301 legitur,
913 1204 957 1276 de
974 1203 1112 1276 mundo
1127 1206 1202 1276 ml-

132 1325 249 1423 gravit
277 1324 354 1420 (a),
388 1321 579 1420 nullusque
606 1320 651 1393 de
681 1321 842 1422 reliqniis
869 1323 943 1421 ejus
973 1323 1028 1395 rel
1063 1324 1203 1399 occulte

131 1443 262 1528 iurari,
290 1439 347 1512 vel
375 1440 558 1511 manifeste
583 1436 720 1510 viribus
747 1464 891 1538 rapere,
917 1440 973 1513 vel
1001 1467 1021 1512 a
1046 1440 1205 1515 Domino

133 1557 299 1658 precibus
328 1555 441 1628 valuit
476 1554 645 1628 hactenns
677 1557 883 1655 impetrare.
917 1559 1089 1632 Barenses
1118 1583 1206 1633 rero

134 1674 329 1775 pavebant,
356 1674 438 1774 qnia
464 1673 499 1745 in
525 1690 698 1748 extranco
724 1673 805 1747 loco
828 1678 930 1773 pauci
958 1676 1053 1750 inter
1072 1677 1206 1752 multos

134 1808 255 1881 erant,
288 1808 323 1862 et
354 1790 407 1863 sol
439 1787 482 1860 ad
510 1815 674 1862 occasum
704 1789 899 1890 vergebat,
930 1791 1136 1894 reditusque
1161 1792 1206 1866 ad

136 1935 240 1982 arares
258 1906 496 1981 formidabitis
516 1923 605 1979 erat.
631 1905 699 1979 Sed
719 1906 754 1979 hi
764 1961 775 1995 ,
797 1907 971 1981 divinitus
990 1911 1204 1998 confortati,

135 2030 254 2127 primo
270 2024 466 2100 monachos
481 2024 816 2124 comprehendunt,
841 2043 1030 2128 tentosque
1051 2028 1207 2102 solerter

135 2144 353 2219 custodiunt.
384 2143 631 2242 Speculatores
658 2168 803 2242 qnoque
831 2144 968 2216 cautius
996 2161 1204 2243 exponunt,

135 2263 194 2361 qui
220 2259 380 2359 undique
406 2260 589 2332 venientes
618 2258 868 2357 prospiciunt,
898 2274 934 2330 et
965 2259 1028 2356 ipsi
1058 2258 1144 2331 hinc
1170 2276 1208 2332 et

138 2379 218 2450 inde
245 2404 328 2449 cum
352 2377 461 2448 armis
485 2375 587 2447 divisi
615 2401 680 2473 per
707 2375 868 2447 tramites
888 2391 997 2447 stant.
1026 2373 1208 2451 Audacter

138 2497 256 2595 itaque
275 2493 478 2592 probissimi
497 2494 647 2592 juvenes
667 2518 713 2565 xt
731 2509 768 2564 et
791 2517 829 2565 tv
847 2493 902 2589 (3)
918 2493 1008 2565 loris
1029 2491 1073 2566 ad
1099 2495 1206 2568 resis-

138 2614 285 2685 tendum
299 2613 414 2711 parati
429 2628 541 2697 stant,
562 2628 599 2684 et
611 2611 683 2684 dno
699 2609 896 2708 presbyteri
910 2640 919 2681 ε
934 2611 1054 2709 Lupus
1070 2626 1107 2684 et
1122 2610 1206 2685 Gri-

136 2730 308 2806 moaltlus.
327 2757 409 2804 cum
427 2731 547 2828 paucis
564 2729 641 2801 aliis
656 2731 692 2802 in
706 2729 865 2803 Ecclesia
879 2755 961 2829 quae
974 2727 1107 2830 agenda
1124 2748 1208 2805 susat

138 2865 355 2944 procurant,
386 2864 422 2920 et
450 2871 590 2945 preces,
618 2872 700 2946 quae
730 2847 889 2919 Letaniae
918 2863 1112 2935 vocantur,
1146 2849 1206 2920 in-

137 2964 279 3038 choant.
300 2965 368 3037 Sed
387 2966 500 3038 nimio
513 2965 644 3037 timore
661 2967 840 3062 correpti,
861 2963 958 3067 quot}
974 2962 1202 3055 inchoarant,

138 3081 262 3153 clarius
279 3083 481 3178 exprimere
501 3107 573 3153 non
593 3096 761 3178 poterant
775 3082 844 3178 (4).

168 3351 207 3417 (ι)
221 3349 271 3403 les
286 3365 436 3419 voyagenrs
456 3346 638 3420 repondirent
650 3348 732 3420 qu'ils
751 3349 859 3402 avaient
877 3349 991 3403 mission
1015 3367 1143 3422 expresse
1164 3349 1202 3404 dn

140 3435 223 3508 Papo,
239 3456 310 3490 renn
327 3448 388 3490 tout
401 3438 524 3508 caprina
539 3437 616 3502 llari,
631 3435 812 3503 dimicat-ils,
829 3456 900 3509 pour
916 3436 955 3490 les
967 3436 1086 3510 charges·
1105 3438 1140 3492 de
1159 3448 1204 3492 cet

139 3526 314 3592 cultu-ment,
329 3529 343 3579 a
357 3526 381 3579 la
392 3526 464 3579 suite
479 3525 514 3579 ele
527 3526 645 3580 maintes
659 3526 761 3579 risione
773 3536 802 3580 et
817 3526 991 3579 revelatione.

170 3618 206 3682 (a)
231 3618 278 3672 On
300 3636 335 3669 nc
357 3616 467 3670 counalt
489 3633 536 3687 pas
558 3626 729 3670 exactement
748 3615 876 3688 l’epoque
890 3614 925 3670 ‹le
945 3614 970 3668 la
991 3625 1065 3670 mort
1079 3615 1117 3669 du
1131 3617 1204 3672 saint

140 3707 236 3779 estque
249 3704 283 3759 dc
296 3706 384 3776 llere.
400 3709 421 3759 Α
440 3708 529 3777 partit·
539 3704 577 3758 dn
592 3705 698 3760 concile
707 3704 742 3759 tle
755 3705 856 3773 nicee,
871 3704 889 3759 il
900 3725 918 3777 y
931 3706 1001 3760 avait
1015 3715 1079 3760 cent
1090 3717 1203 3780 quatre·

141 3797 274 3869 vingt-(lix
293 3795 462 3870 olympiades
483 3808 511 3851 et
533 3796 624 3851 denne
644 3796 799 3851 d'ecoulees
817 3798 895 3870 (sept
908 3808 973 3851 cent
989 3796 1202 3853 soixantedenx

140 3904 181 3939 ans
190 3895 209 3955 ).

171 3976 206 4047 (5)
219 3980 259 4032 Ce
273 3976 371 4031 clnll're
388 3989 430 4032 est
443 3977 615 4033 vistbtenwnr
637 3982 767 4049 exegere,
788 3979 933 4052 pnisqn’ils
951 3979 1083 4033 n'etaient
1095 3997 1128 4032 en
1143 3988 1204 4032 tout

142 4086 188 4137 que
201 4080 422 4142 quarantesept.

172 4160 206 4227 li}
218 4162 257 4213 Ce
272 4159 353 4213 serbe
365 4171 402 4215 est
419 4163 476 4232 pris
490 4161 523 4214 ici
536 4159 604 4214 dans
619 4161 643 4213 lc
656 4178 718 4214 sens
730 4160 899 4216 ‹l’articuler.

209 4276 262 4320 ιιι.
1018 4255 1056 4340 14
