3046 5244
124 422 233 503 [ΙΝῚ]
483 422 602 487 LlBllll
624 422 829 487 SEPTIMUS.
1132 428 1194 491 nt

123 554 222 657 quusi
248 554 410 655 quinque
435 555 613 632 milliariis
645 584 665 631 u
702 556 843 631 Barinis
865 555 1050 633 munibus
1075 542 1194 649 abent,

123 671 364 761 advenerunt,
388 688 424 746 et
442 671 526 747 inde
540 673 584 748 ad
603 676 742 749 clerum
756 675 948 749 &renam
964 690 1002 748 et
1019 675 1194 776 populum

125 789 271 862 nuutios
287 789 562 886 praemiserunt,
583 805 729 890 totaque
753 789 877 864 civitas
898 789 1086 888 inopinato
1103 816 1197 891 gau-

123 902 184 976 dio
206 902 393 977 confestim
416 903 553 1002 repleta
573 921 645 993 est,
670 920 710 979 et
730 929 815 981 mox
837 919 989 1006 uterque
1012 928 1135 1014 sexus,
1158 922 1197 983 et

124 1022 241 1095 omnis
262 1036 349 1095 aetas
369 1020 413 1095 ad
438 1021 561 1097 littora
582 1047 720 1123 egressa
741 1038 807 1099 est.
832 1023 949 1098 Porro
970 1009 1091 1099 nautio
1107 1050 1197 1125 uap-

124 1136 336 1236 sellam-(1)
372 1163 456 1210 cum
491 1138 654 1240 reliquiis
687 1138 988 1214 commendarunt
1025 1140 1197 1241 religiono

125 1256 258 1338 lleliae,
283 1254 402 1329 abbati
430 1256 591 1330 eoenobii
608 1257 730 1331 Sancti
747 1255 950 1346 Benedicti,
967 1257 1065 1359 quod
1088 1283 1194 1359 snpra

125 1389 272 1472 portum
289 1374 397 1447 situm
414 1389 481 1447 est.
506 1374 571 1448 llle
590 1399 678 1449 vero
697 1402 795 1449 sacra
812 1376 966 1475 pignora
987 1391 1197 1451 maerenter

123 1491 294 1590 suscepit,
323 1491 360 1564 in
386 1493 572 1590 praelatam
596 1493 780 1568 ecclesiam
801 1492 1078 1569 cumfratribus
1098 1519 1195 1569 nont

123 1607 179 1682 die
199 1608 332 1680 mensis
352 1609 437 1681 maii
460 1607 644 1709 deposuit,
665 1626 703 1683 et
723 1608 839 1683 tribus
855 1608 982 1685 diebus
1000 1608 1196 1711 diligenter

124 1724 349 1823 custodivit(
374 1727 404 1825 ).

169 1845 275 1918 Tunc
297 1844 402 1934 Urso,
416 1845 634 1919 Barinorum
646 1844 935 1945 archiepiscopus
952 1847 1021 1944 (ὃ),
1036 1848 1094 1921 vir·
1104 1844 1194 1921 reli-

123 1964 257 2063 giosus,
276 1961 354 2035 Deo
369 1960 517 2063 diguus,
540 1963 741 2065 italicisque
761 1963 918 2038 dominis
936 1963 1142 2038 notissimus
1156 1980 1196 2039 et

122 2078 304 2154 familiaris
320 2080 472 2168 amicus,
491 2080 628 2154 aberat.
647 2081 738 2154 Nam
761 2080 855 2181 apud
879 2082 1042 2155 Teanum
1059 2083 1115 2180 (A)
1132 2108 1194 2155 ua·

157 2425 197 2498 (a)
214 2423 343 2481 Pendeat
360 2424 387 2479 le
406 2442 523 2498 voyage,
544 2424 584 2480 les
602 2424 723 2499 reliquas
739 2423 834 2479 lnreut
848 2426 1048 2498 transportem,
1070 2424 1192 2482 dubaril

122 2514 240 2571 doulon
259 2517 350 2572 s’etait
362 2519 434 2571 servi
450 2534 521 2591 pour
539 2515 578 2571 les
590 2526 723 2589 apporter
739 2533 775 2570 au
787 2515 898 2581 uariae,
912 2514 983 2570 daut
995 2534 1033 2571 nu
1047 2515 1192 2573 comite

123 2604 195 2671 buis,
213 2604 341 2678 fabrique
360 2616 422 2660 tout
433 2607 544 2679 expres,
558 2615 588 2660 et
601 2604 671 2662 dont
687 2603 727 2661 les
738 2603 833 2661 debris
848 2614 899 2659 ont
915 2606 961 2660 e'te
973 2608 1118 2662 cananea
1128 2608 1193 2680 pre·

121 2694 291 2750 cieuaement
306 2694 437 2769 jusqu’au
457 2709 527 2749 avar·
545 2693 647 2762 siecle,
670 2694 814 2768 peut-etro
837 2692 928 2749 mene
943 2693 1055 2768 janque
1077 2694 1192 2768 aujour-

120 2783 209 2839 d'hui.

154 2877 193 2946 (a)
206 2876 246 2930 lci
258 2875 284 2930 le
298 2877 368 2931 recia
380 2875 415 2931 de
428 2886 509 2930 notre
520 2886 622 2931 auteur
631 2884 674 2930 eat
685 2874 742 2930 sort
755 2873 916 2949 incomplet.
936 2875 987 2929 let
1001 2876 1109 2930 navitus
1120 2876 1192 2931 urri-

120 2966 214 3019 vluent
225 2964 294 3019 dana
307 2963 334 3019 le
347 2975 412 3039 port
423 2963 458 3019 dc
471 2964 533 3021 Bari
548 2964 573 3020 le
586 2965 673 3020 malin
688 2962 727 3020 dn
739 2962 889 3020 dimauchc
903 2982 923 3038 9
935 2965 1005 3032 mai,
1019 2966 1069 3039 qui
1086 2964 1192 3022 etaltlc

120 3053 267 3108 dimanche
277 3054 346 3108 dans
356 3053 468 3109 l‘octave
479 3054 516 3109 de
529 3054 712 3110 l’Aeceuaiou.
728 3055 775 3111 On
788 3054 901 3128 disputa
912 3053 1036 3128 pendant
1053 3053 1191 3129 plusieurs
1211 3073 1217 3083 ·

120 3143 221 3198 luentes
234 3163 283 3199 tur
294 3144 320 3199 la
333 3146 463 3218 question
476 3144 513 3202 de
527 3146 616 3200 navoir
630 3148 668 3200 oia
683 3145 724 3201 les
735 3145 856 3220 reliques
867 3146 987 3201 teraicnt
997 3145 1145 3220 deponens,
1162 3158 1193 3203 et

121 3237 142 3288 si
154 3235 208 3290 l‘on
218 3236 388 3290 caecuterait
397 3235 423 3291 le
432 3254 493 3291 voeu
503 3255 554 3309 par
566 3236 656 3312 lequel
667 3236 707 3292 lea
717 3238 892 3311 navigateurs
904 3237 1029 3293 s'etaieut
1043 3240 1191 3311 engaged

121 3328 192 3382 terit
210 3345 266 3382 une
286 3327 373 3401 eglise
384 3348 420 3384 eu
437 3328 586 3384 l’houneur
607 3328 643 3383 de
655 3329 727 3384 salut
742 3328 867 3396 Nicolas,
881 3338 942 3384 tout
959 3329 1057 3402 expres
1068 3346 1141 3401 pour
1151 3328 1192 3384 lea

122 3419 250 3473 receuoir.
264 3419 311 3474 Un
332 3417 421 3491 grand
439 3418 556 3474 nombre
572 3420 607 3473 do
622 3419 747 3491 citoycns
759 3418 795 3474 ale
810 3418 873 3474 Bari
887 3417 992 3473 voulait
1004 3417 1120 3493 qn’clles
1131 3419 1190 3475 lut·

119 3516 179 3561 seat
192 3509 326 3580 pontesii
340 3507 364 3561 la
375 3506 548 3574 cathedrale,
562 3525 659 3581 poury
668 3506 840 3562 dementent
850 3506 1018 3580 perpetuite.
1032 3506 1108 3562 C'est
1120 3506 1192 3563 alors

119 3613 173 3667 que
188 3593 278 3649 l’abbe'
295 3594 375 3650 llc'lie
390 3595 466 3650 ollrit
481 3595 517 3649 de
533 3595 571 3650 les
580 3595 703 3650 receuoir
713 3595 944 3668 provisoioemeut
952 3593 1023 3649 dnus
1031 3611 1081 3649 tou
1090 3595 1190 3669 eglise,

118 3704 152 3738 eu
168 3685 314 3740 attendant
330 3703 386 3760 que
401 3685 427 3740 la
442 3687 572 3760 question
588 3686 624 3740 <le
639 3685 701 3741 leur
713 3685 799 3759 ‹lepot
812 3684 986 3741 deuoluitur
1000 3684 1119 3741 resolnn
1133 3684 1191 3743 Son

120 3773 186 3828 ollae
202 3774 246 3829 lut
262 3778 405 3848 acceptee,
421 3784 451 3830 et
466 3774 505 3830 let
522 3773 658 3850 reliques,
675 3777 786 3849 portes·
799 3773 869 3830 dans
883 3774 987 3848 l'eglise
999 3774 1193 3832 Salat-Bcuoit

121 3874 198 3921 arant
213 3864 238 3920 la
253 3865 290 3920 fin
304 3864 375 3920 dela
386 3866 550 3939 journce‚y
565 3867 703 3921 meterent
712 3865 843 3941 jusqu'au
860 3865 949 3922 mardi
964 3867 1060 3921 mutin.

126 3930 191 4027 ¹l3)
207 3956 315 4023 Urson,
333 3957 507 4033 archesiquc
518 3957 554 4012 de
573 3958 635 4013 Bari
654 3967 683 4012 et
697 3956 732 4012 de
745 3957 851 4013 Canosa
868 3957 878 4029 (
879 3956 944 4029 juin
963 3954 1079 4031 1078-14
1092 3953 1193 4008 territa

127 4047 213 4121 unp.

153 4141 191 4209 ll)
203 4139 306 4203 Teani,
318 4137 380 4192 ville.
393 4139 626 4213 archiepiscopale
640 4140 678 4195 (lu
691 4159 824 4213 royanrne
836 4139 872 4195 (lc
886 4136 998 4212 Naplcs‚
1014 4153 1063 4191 tur
1075 4133 1194 4191 t’Adria·

123 4232 209 4302 tique,
225 4233 239 4285 'a
253 4230 370 4303 qlieues
384 4230 475 4285 ΜΟ.
491 4229 526 4305 dc
540 4231 613 4287 llari.
