3046 5244
62 440 100 512 [ι’
114 454 187 493 tutu
206 434 295 512 1097}
461 432 578 495 LIBER
599 431 737 501 NONUS.
1074 440 1132 499 511

61 562 306 636 barbarorum
318 562 530 637 milliueoesa
543 563 1139 666 sunt,quoniamineosvehemen·

62 696 118 753 ter
136 680 280 751 erussuti
301 681 355 775 (ι)
372 695 474 767 suut,
489 704 581 779 quos
599 695 673 754 tota
690 678 749 754 die
765 680 962 755 crudeliter
975 682 1136 757 insectati

60 796 215 868 fueraut.
986 826 989 834 ·

111 912 326 985 Guilielmus
338 910 549 998 Marchisus,
562 915 675 987 trater
687 912 879 1002 Taucredi,
893 930 930 989 et
940 914 1138 989 Gausredus

61 1026 106 1100 de
125 1026 451 1116 nontescabioso,
472 1029 541 1100 viri
562 1028 717 1101 muitum
734 1029 928 1117 militares,
947 1030 1057 1105 boare
1073 1032 1136 1104 in-

61 1144 155 1218 dotis
171 1162 207 1217 et
220 1145 395 1232 illustres,
412 1160 448 1216 et
464 1145 570 1217 multi
583 1145 642 1217 alii
652 1200 663 1235 ,
682 1146 816 1219 milites
828 1161 865 1219 et
878 1144 1033 1245 pedites,
1049 1148 1139 1223 ceei-

61 1262 208 1335 derunt.
228 1263 337 1333 Tusci
357 1261 476 1349 enim,
497 1277 573 1333 astu
592 1262 707 1335 nimio
724 1262 922 1359 pollentes,
947 1261 1072 1337 audaci
1088 1264 1140 1336 ri·

62 1392 150 1475 gent
163 1378 298 1465 animo,
315 1392 351 1447 et
365 1374 630 1450 irreverberato
641 1377 845 1477 confligunt
857 1374 990 1477 gladio.
1001 1378 1141 1453 Morus

61 1495 202 1566 eminus
232 1494 384 1566 inimicis
412 1493 634 1567 creberrime
667 1493 842 1593 infigunt,
874 1495 957 1595 quia
985 1511 1140 1569 utuntur

62 1611 234 1699 arcubus,
254 1628 290 1684 et
305 1611 428 1682 multis
446 1611 693 1686 instrumentis
707 1612 878 1684 nituntur
892 1611 1045 1686 bellicis.
1063 1614 1141 1687 Jee-

64 1731 170 1802 titant
189 1757 224 1802 se
242 1729 285 1801 de
312 1731 538 1803 Francorum
561 1731 673 1829 stirpe
701 1730 949 1830 genealogium
975 1730 1135 1818 duxisse,

62 1872 260 1947 eorumque
291 1874 446 1945 proavos
474 1876 493 1919 a
519 1847 789 1920 Christianitste
814 1846 976 1921 descisse.
1005 1849 1140 1922 Dicunt

62 1966 172 2036 etiam
193 1965 310 2037 nullos
334 1966 549 2038 naturaiiter
566 1965 742 2052 militare,
762 1965 830 2037 nisi
853 1990 891 2038 se
912 1981 949 2038 et
965 1965 1135 2041 Francos.

63 2082 141 2155 Hoc
157 2084 274 2181 itaque
291 2082 459 2181 praelium
474 2080 642 2155 kalendas
655 2083 736 2183 jutii
753 2082 887 2157 sactum
904 2098 975 2171 est,
994 2082 1156 2185 diesque·

62 2199 233 2271 solemnis
254 2200 496 2298 omnipotenti
514 2199 610 2288 Deo,
630 2199 692 2299 qui
710 2200 832 2273 omnia
848 2196 942 2271 bene
955 2197 1136 2299 disponit,

63 2341 146 2387 eum
160 2315 297 2403 devotis
317 2314 478 2388 laudibus
497 2315 678 2390 celebrata
690 2331 757 2389 est.

111 2432 276 2506 Ethnicis
295 2435 341 2505 ita
359 2432 580 2532 pessundatis
595 2450 632 2506 et
652 2432 782 2532 procul
805 2433 988 2534 effugatis,
1011 2439 1056 2505 ad
1072 2458 1139 2507 eo·

63 2579 147 2623 rum
165 2552 319 2623 tentoria
347 2551 548 2649 diripienda
567 2552 733 2625 conversi
759 2568 845 2624 suut
867 2550 1083 2640 Christiani,
1102 2568 1140 2625 et

64 2670 282 2741 invenerunt
307 2668 355 2739 ibi
381 2670 458 2741 auri
486 2668 699 2768 argentique
723 2667 937 2767 plurimum.
966 2667 1140 2770 Subjuga·

64 2786 109 2858 tia
130 2789 205 2883 (a),
230 2787 346 2859 mulos
365 2803 402 2858 et
424 2812 556 2886 equos,
577 2784 689 2859 bures
714 2801 751 2858 et
774 2785 945 2873 camelos,
974 2810 1141 2861 rerveees

62 2921 99 2977 et
117 2907 252 2991 asinos,
272 2922 307 2975 et
328 2907 511 3003 copiosam
538 2904 801 3003 supellectilem
819 2905 855 2977 iu
884 2930 1011 2979 eorum
1032 2905 1140 3004 pupi-

64 3021 220 3094 liouibus
251 3037 482 3119 repereruut3
515 3038 552 3094 et
580 3020 730 3093 dirersis
756 3022 879 3095 onusti
911 3023 1023 3121 gazis,
1056 3048 1140 3096 cum

64 3140 250 3236 triumpho
278 3157 314 3210 et
342 3136 573 3211 inenarrabili
598 3136 729 3235 gaudio
757 3137 801 3210 nd
829 3164 911 3212 suos
936 3137 1136 3211 redierunt.

63 3258 168 3329 Fama
191 3273 299 3328 tantae
329 3257 491 3328 rictoriae
517 3254 731 3354 longinquas
748 3272 784 3327 et
813 3270 952 3327 exterus
977 3256 1140 3328 nationes

63 3378 178 3472 ctrpit
193 3373 395 3459 deterrere,
408 3389 444 3445 et
462 3372 608 3445 titulum
622 3371 901 3444 Christianitatis
915 3385 1139 3443 remotorum

63 3489 210 3562 auribus
236 3491 456 3588 populorum
477 3487 678 3561 infundere.
709 3486 886 3558 Praeclara
913 3484 1142 3558 Christiano-

64 3633 145 3677 rum
162 3607 338 3694 ticinus,
359 3605 499 3705 sibique
515 3618 817 3703 superventuram
829 3626 958 3676 eurum
971 3600 1141 3673 militiam

63 3747 188 3795 omnes
206 3740 242 3794 et
259 3723 389 3819 singuli
408 3718 666 3795 formidabunt.

63 3875 163 3885 0-.-.
170 3879 209 3885 -.
217 3880 235 3885 -
250 3880 328 3886 ....-
335 3880 342 3884 .
352 3876 546 3885 -----.-.

100 3948 141 4014 (ι)
158 3946 231 3998 Lisuz
247 3970 251 3996 :
267 3949 401 4016 grassati.
739 3988 744 3999 .

99 4039 138 4106 (a)
154 4039 165 4087 t
169 4039 192 4089 Ie
206 4048 263 4090 irruit
277 4038 399 4107 signitie,
413 4054 522 4090 comme
539 4054 567 4089 sa
584 4032 768 4107 eomposition
783 4029 936 4105 I’iudique,
951 4027 1000 4083 des
1012 4027 1143 4082 animans

66 4129 171 4181 sonan<
189 4147 223 4182 au
238 4128 317 4199 joug.
339 4127 469 4181 L'atrteur
485 4146 501 4179 a
515 4123 614 4192 unuln,
632 4122 701 4178 dans
714 4131 788 4177 cette
802 4119 1013 4185 &numeralium
1028 4116 1067 4173 ies
1082 4115 1142 4171 dis·

69 4218 244 4289 tinguendis
258 4218 334 4271 bites
346 4217 381 4269 dr
395 4235 516 4286 soniare,
529 4215 564 4270 de
578 4213 643 4269 selle
656 4224 685 4268 et
700 4211 735 4266 de
749 4210 910 4267 bortelrerie.
