3046 5244
235 454 440 534 [ans-ans]
591 448 709 512 atam
728 448 932 515 suminus.
1238 450 1297 514 ns

231 586 300 661 tuis
324 580 529 657 discedente
551 582 751 657 lenuslem
772 581 968 669 invaserat,
990 608 1031 656 ae
1054 580 1098 654 ad
1129 582 1295 655 ultimum

231 701 342 776 multa
360 698 578 773 bellatorum
594 698 708 771 millia
725 724 865 797 pessum
887 695 1055 785 dederat,
1076 696 1138 771 sed
1162 696 1296 771 nelarie

230 817 415 893 voluntate
439 818 476 889 in
491 815 615 888 multis
639 816 836 914 completa,
854 814 1109 889 miserabiliter
1124 814 1296 913 perierat.

229 934 286 1007 Sie
302 934 369 1007 iste
386 947 511 1005 eontra
524 945 666 1031 patrem
682 956 786 1003 suum
801 956 900 1003 arma
917 929 1076 1019 sustulit,
1096 929 1299 1031 meritoque

228 1067 348 1150 pastea
372 1048 490 1123 diram
510 1075 529 1120 a
548 1047 651 1146 prole
666 1074 725 1120 sua
742 1048 1030 1147 persecutionem
1048 1048 1209 1147 pertulit.
1232 1048 1299 1121 ln-

227 1165 457 1269 quirentibus
474 1191 578 1254 vero,
597 1181 748 1239 curtam
763 1162 943 1240 horrenda
958 1181 1086 1239 eontra
1100 1180 1210 1265 capnt
1223 1165 1299 1241 Ee·

227 1285 345 1360 elesise
367 1299 663 1384 praesumpserat,
692 1281 786 1357 hane
811 1298 921 1356 tantae
948 1281 1136 1357 discordiae
1157 1308 1299 1357 causam

229 1404 325 1476 iuter
339 1425 377 1474 se
391 1417 428 1474 et
441 1401 572 1501 Papam
585 1424 678 1487 esse,
696 1424 779 1473 eum
796 1398 973 1474 caehinno
984 1397 1181 1489 asserebat,
1201 1396 1300 1501 quod

228 1519 387 1594 medicus
409 1535 587 1620 oegrotum
616 1518 723 1591 nimis
746 1517 877 1592 acriter
900 1543 1028 1592 curare
1053 1518 1299 1617 impatientem

227 1639 325 1712 nisus
335 1637 486 1734 luerat(
508 1637 536 1732 ).
1265 1730 1271 1741 Ι

273 1753 510 1830 ohsidionem
533 1780 621 1853 ergo
634 1753 789 1828 validam
802 1779 868 1828 rex
883 1754 1028 1830 effrenis
1040 1755 1167 1831 Romae
1183 1753 1299 1855 appli-

227 1875 320 1962 cuit,
340 1872 523 1946 Romanos
536 1871 643 1944 minis
659 1887 695 1944 et
711 1869 849 1944 viribus
865 1871 1014 1958 terruit,
1034 1869 1246 1945 muneribus
1262 1886 1300 1943 et

227 1990 411 2089 promissis
427 1988 573 2077 lenivit,
595 2005 632 2062 et
648 1985 702 2061 bis
719 1985 836 2061 modis
859 1989 953 2061 cives
969 1987 1149 2077 alliciens,
1168 1986 1297 2059 urbem

225 2105 400 2182 obtinuit.
437 2103 693 2185 Deficientibus
723 2105 843 2205 itaque
875 2104 1068 2194 Romanis,
1100 2104 1298 2205 Gregorius

228 2224 320 2323 Papa
332 2222 501 2322 Apuliam
511 2222 674 2320 expetiit,
686 2218 822 2322 ibique,
836 2248 855 2293 a
870 2218 1091 2294 Normannia
1100 2218 1299 2295 honorifice

227 2355 426 2438 susceptus,
445 2353 602 2440 quatuor
618 2337 723 2410 anuis
744 2334 940 2427 habitarit,
960 2352 997 2410 et
1021 2334 1186 2409 mandata
1214 2336 1323 2445 vitae·

227 2454 306 2529 liliis
316 2455 488 2531 Ecclesiae
501 2454 713 2555 propinans,
729 2452 839 2528 finem
851 2452 1018 2529 laborum
1027 2454 1181 2555 peregit.
1195 2453 1300 2527 Turre

228 2574 402 2649 llettricus
420 2572 600 2673 Augustus
626 2570 855 2645 Witbertum
870 2572 1135 2647 Rauennatium
1155 2587 1298 2647 metra-

226 2690 446 2789 politanum,
459 2714 569 2791 quem
579 2688 801 2762 Clementem
816 2702 1137 2788 nuncupaverunt,
1154 2687 1298 2761 inovile

228 2806 373 2881 Domini
395 2821 521 2879 contra
544 2806 595 2879 las
622 2803 840 2893 intromisit,
859 2819 896 2878 et
910 2801 977 2876 hae
999 2803 1044 2877 de
1060 2830 1161 2878 causa
1181 2803 1300 2904 gratis

227 2922 263 2996 in
289 2922 429 2996 mundo
452 2940 488 2995 et
509 2922 649 2996 diutina
674 2922 846 2995 dissentio
869 2921 1003 2995 multos
1025 2920 1159 3021 duplici
1181 2936 1299 2994 morte

226 3043 426 3116 mulctavit.
448 3038 733 3115 Mediolanenses
754 3056 790 3112 et
802 3040 1006 3140 birgantini
1030 3040 1189 3113 etmulti
1215 3039 1273 3113 alii
1285 3093 1295 3126 ,

226 3160 285 3259 qui
315 3158 503 3232 Witberto
518 3155 706 3246 favebant,
734 3156 977 3257 Gregorianos
1003 3183 1129 3232 omnes
1145 3155 1298 3229 anathe-

227 3275 462 3363 matizabant,
494 3276 603 3347 armis
630 3300 774 3376 quoque
797 3274 993 3348 crudeliter
1022 3273 1295 3376 impugnabant.

227 3391 257 3463 E
271 3409 400 3468 contra
422 3394 618 3493 Gregorius
632 3419 715 3464 cum
734 3393 805 3464 suis
818 3409 979 3465 errantes
993 3390 1238 3466 Witbertinos
1254 3389 1298 3463 ad

228 3512 402 3583 unitatem
418 3509 587 3582 Ecclesiae
605 3506 816 3593 revocabat,
836 3523 872 3581 et
893 3505 1012 3580 redire
1027 3523 1300 3583 contemnentes

226 3625 419 3698 seeundum
434 3627 491 3724 jus
504 3625 782 3697 ecclesiasticum
798 3623 1167 3723 excommunicabat(
1191 3627 1220 3723 ).

597 3810 636 3817 ο...
648 3809 726 3817 --—
787 3811 793 3817 .
813 3810 856 3817 η-..
871 3811 884 3817 -.
900 3810 979 3817 --..

259 3899 299 3966 lt)
320 3895 496 3968 L’entperenr
513 3896 602 3949 arriva
615 3913 679 3950 sous
692 3895 732 3950 les
745 3914 822 3951 tunrs
834 3880 873 3950 de⁶
884 3896 974 3952 Rome
985 3912 1050 3953 trec
1063 3897 1212 3971 l'antippe
1229 3896 1300 3949 Gai·

227 3984 286 4040 bert
306 3985 442 4059 quelques
455 3986 535 4057 jours
557 3997 637 4041 arsut
658 3984 682 4040 la
704 3986 855 4042 Penteedte
881 3986 957 4043 1081.
979 3986 1084 4061 Depitis
1100 3995 1173 4039 cette
1192 3986 1302 4059 e'poque

224 4075 333 4150 juaqn’i
345 4093 373 4129 ra
385 4077 471 4149 prise,
487 4095 522 4130 en
542 4078 622 4143 iiiiii,
638 4076 877 4133 l'investissernent
890 4096 926 4133 ne
938 4076 982 4132 lut
994 4096 1042 4151 pas
1054 4077 1239 4149 interrampu.

260 4170 301 4239 (a)
322 4167 359 4222 be
383 4187 452 4242 pape
470 4169 541 4224 rasit
562 4169 654 4244 quitte
676 4168 765 4223 Rome
786 4188 822 4224 eu
844 4169 926 4233 todi,
947 4168 965 4223 il
986 4176 1099 4223 mourut
1119 4166 1262 4221 'aSalerne
1277 4164 1303 4219 le

228 4252 262 4309 25
270 4256 327 4309 mai
340 4254 609 4327 10853ilyaloinde
621 4257 645 4311 li
659 4275 711 4312 aua
721 4267 820 4330 qttatre
828 4259 930 4311 sanies
939 4254 1008 4311 dont
1020 4253 1095 4327 parle
1104 4265 1184 4309 notre
1193 4264 1302 4311 arctetur.

230 4346 391 4419 l.'antipape
406 4346 526 4402 Gtailtert
542 4348 674 4401 continua
689 4345 725 4401 dr
741 4347 868 4401 sotttenir
883 4342 907 4398 ln
931 4344 1001 4398 tuan
1019 4341 1089 4397 datis
1111 4342 1199 4399 Rome
1213 4344 1303 4399 utitur
