3046 5244
61 435 238 508 [raaausaro
255 431 348 507 aaut]
463 428 582 493 lalllss!
602 430 741 494 NONUS.
1076 434 1139 495 bill

60 559 161 634 ducis
183 558 320 646 lilium,
341 560 607 662 praelatusque
628 560 854 635 Francorum
868 584 1058 667 proceres,
1075 563 1140 665 qui

62 705 145 750 cum
175 678 299 750 multis
325 677 507 753 sodalibus
529 677 787 781 sequebantur,
811 677 872 754 aad
903 679 952 754 ab
977 679 1142 782 Augusto

63 794 381 894 Constantinopoli
418 795 620 870 honorilice
649 794 919 885 detinebantur,
950 813 992 871 ut
1024 796 1142 871 socios

63 913 163 985 adire
175 912 385 987 festinarent
398 914 544 988 excivit.
566 911 710 988 Auditis
722 914 843 1015 itaque
853 913 961 991 certis
976 915 1141 990 rumori·

65 1029 151 1118 bus,
185 1032 382 1128 imperator
412 1032 596 1132 ingentem
621 1032 821 1105 exercitum
844 1024 1074 1135 aggregarit,
1104 1046 1143 1106 et

64 1173 148 1218 cum
165 1147 288 1220 multis
301 1148 426 1246 copiis,
444 1164 485 1221 ut
492 1146 716 1222 Christicolis
727 1146 950 1236 subveniret,
963 1149 1033 1223 iter
1045 1147 1140 1221 iniit.

65 1263 133 1336 Sed
150 1265 284 1363 pravis,
302 1282 342 1337 ut
355 1267 392 1339 in
405 1266 558 1365 posteris
569 1263 748 1356 disemus,
763 1265 923 1340 coassiliis
933 1264 1072 1341 bonum
1087 1266 1144 1339 in·

64 1396 226 1480 coeptum
247 1408 320 1455 aion
337 1384 490 1484 peregit.
623 1452 626 1457 ,

113 1498 209 1571 Gens
235 1500 383 1572 interim
400 1516 594 1600 pauperata
615 1501 742 1585 lurtim
765 1498 991 1591 discedebat,
1008 1496 1144 1575 vadens

64 1643 138 1717 quo
154 1640 190 1689 se
208 1618 329 1691 vivere
348 1618 511 1726 putabat.
530 1618 586 1693 Ad
603 1644 704 1694 mare
724 1618 848 1693 nullus
862 1616 1018 1693 audebat
1037 1640 1144 1691 aoce-

64 1731 167 1821 dere,
182 1736 354 1833 quoniam
371 1736 438 1808 aiae
456 1752 494 1810 et
516 1737 594 1808 avia
610 1734 862 1809 servabantur.
888 1735 986 1809 Ecce
1011 1733 1146 1809 iterum

64 1851 156 1922 lania
172 1875 295 1923 recens
309 1851 538 1951 percrebruit
549 1854 688 1927 'lurcos
707 1852 920 1927 innumeros
935 1849 1143 1937 adveume,

65 1985 102 2039 ct
116 1970 358 2069 ingruentiam
376 1972 473 2045 necis
484 1969 656 2046 omnibus
667 1971 856 2046 confestim
867 1967 1088 2065 imminere(
1112 1968 1142 2066 ).

68 2084 141 2156 Tot
153 2086 251 2157 enim
267 2102 391 2176 erant,
412 2086 512 2188 quod
531 2088 590 2161 vix
608 2087 812 2162 multorum
826 2084 1026 2160 stadiorum
1045 2083 1147 2159 saffi-

70 2220 167 2275 cerct
184 2205 234 2274 eis
251 2231 538 2304 quaquaversum
560 2222 728 2306 porrecta
746 2206 934 2306 capacitas.
956 2203 1148 2303 Exstagues

71 2318 266 2393 Christiani
290 2322 491 2420 pallebant,
518 2323 686 2397 etmulti
713 2348 842 2399 eornm
868 2319 1027 2395 marcida
1052 2318 1147 2394 oolla

71 2438 308 2512 circulabant.
335 2440 513 2516 Nobilitas
538 2459 660 2516 tamea
681 2439 727 2515 de
742 2440 841 2514 bello
862 2438 1045 2539 disputare
1064 2462 1147 2511 ausa

70 2572 136 2628 est.
158 2557 285 2631 Curicti
301 2559 491 2656 optimates
507 2559 778 2649 confluxerant,
793 2580 998 2658 omnesque
1008 2579 1046 2628 ae
1059 2554 1149 2629 invi·

73 2699 151 2746 cern
171 2674 470 2749 cohortabantur.
498 2674 604 2771 Quod
621 2674 746 2751 videns
761 2700 867 2775 sagax
893 2668 1146 2761 buamundus,

73 2791 122 2864 eis
138 2792 240 2865 valde
257 2794 527 2894 congratulatus
539 2810 611 2882 est,
631 2790 1010 2897 prolatoquesapieati
1024 2786 1149 2863 oonsi-

75 2910 145 2995 lio,
170 2937 252 2982 cum
270 2909 517 2986 admonitione
538 2910 688 2985 facunda
714 2909 758 2984 ad
776 2908 915 2984 bellum
940 2906 1151 2983 cohortatus

74 3045 139 3099 est.
157 3027 294 3100 Pedites
312 3031 347 3101 in
362 3031 486 3102 castris
493 3032 598 3129 jussit
612 3053 818 3120 remanere,
838 3045 875 3103 et
889 3044 1013 3127 portas
1025 3025 1150 3101 civita·

77 3146 121 3215 tis
137 3144 560 3244 diligenterobservare‚
577 3172 623 3219 ne
636 3146 801 3220 reseratis
815 3145 886 3218 illis
899 3144 993 3217 cives
1006 3154 1152 3241 ponent

78 3261 191 3334 libere
208 3263 422 3336 discurrere.
442 3264 576 3337 Omnes
590 3264 723 3336 milites
739 3289 824 3336 cnm
840 3261 1069 3334 invocatione
1084 3283 1152 3331 ao·

78 3381 185 3452 minis
219 3382 364 3454 Domini
391 3383 475 3455 lesu
500 3383 650 3470 armati,
679 3397 716 3454 et
745 3395 866 3452 sancta
894 3376 1153 3450 communione

78 3581 265 3593 -Ψ

80 3697 174 3769 l'oycz
186 3697 253 3752 dans
265 3698 291 3751 lc
303 3698 417 3751 Recueil
426 3696 477 3752 des
487 3695 646 3752 Ht'sloriens
656 3694 692 3751 de
702 3696 832 3759 Fronte,
844 3691 881 3748 de
892 3690 1041 3747 Ducbeme
1052 3688 1088 3760 (t.
1099 3686 1152 3754 IV,

79 3806 106 3858 p.
122 3785 188 3859 95).
204 3805 241 3840 nn
261 3789 330 3841 recit
344 3787 379 3841 de
394 3805 435 3842 scs
449 3785 576 3842 dernicrs
592 3795 743 3851 momenta,
760 3783 810 3859 qai
824 3782 954 3857 presente
966 3799 1006 3836 ua
1019 3775 1156 3853 atagatier

79 3888 221 3931 coatrastc
235 3897 298 3932 arce
312 3878 336 3932 la
348 3878 490 3934 tcndressc
502 3875 662 3932 fraternelle
671 3875 786 3942 exaltes,
797 3892 852 3950 que
864 3873 904 3929 lni
917 3873 1029 3948 pretent
1041 3869 1081 3925 les
1096 3868 1156 3923 bis·

80 3970 187 4021 toricns
199 3967 248 4021 dcs
261 3969 409 4026 croisades.

117 4062 157 4124 (a)
176 4058 249 4112 C'cst
269 4063 284 4112 a
302 4059 325 4111 la
344 4060 415 4113 suite
434 4058 469 4113 de
484 4077 515 4114 ce
534 4056 645 4113 combat
662 4056 731 4113 livre
746 4074 795 4111 sur
811 4055 851 4112 les
862 4052 949 4111 borda
961 4049 999 4106 da
1012 4048 1054 4104 lac
1069 4046 1158 4104 d'sa·

83 4149 186 4211 trocho,
201 4167 310 4204 conanae
322 4150 346 4205 lc
357 4149 399 4205 dit
412 4161 493 4206 notre
506 4159 616 4218 auteur,
626 4166 682 4223 que
693 4146 732 4204 les
740 4146 892 4205 Cbtdtiena
903 4141 1043 4217 repnreat
1055 4136 1082 4196 le
1092 4135 1158 4194 cht-

85 4249 147 4291 tcau
162 4238 195 4292 dc
211 4240 331 4293 llarcuc.
