3016 5242
225 447 285 509 Μ
505 444 690 505 HISTORIA
712 443 1018 505 ttcctttsntsttct.

225 579 347 651 locum
369 578 535 677 quaesivit
560 574 728 647 idoneum
754 571 820 644 sibi
845 575 986 675 suisque
1009 573 1208 662 sodalibus,
1229 575 1285 675 qui

225 695 336 766 sancti
366 692 601 765 decreverant
628 691 790 790 regulam
820 690 1026 779 Benedicti,
1059 693 1153 763 sicut
1180 692 1285 763 Judaei

227 812 342 909 legem
369 812 506 907 Moysi,
537 810 581 881 ad
609 811 767 881 litteram
797 833 938 880 serrare
962 811 1117 908 penitus.
1135 808 1287 881 Tandem

226 927 323 1015 odo,
350 929 443 999 lilius
460 928 631 1015 Henrici,
651 925 871 1024 Burgundiae
889 926 984 1013 dux,
1008 927 1079 999 illis
1094 951 1287 1025 compassus

225 1062 296 1135 est,
316 1063 351 1118 et
368 1045 545 1144 proedium
563 1046 598 1116 in
616 1045 697 1117 loco
712 1045 773 1144 qui
791 1044 978 1117 Cistertius
992 1044 1140 1130 dieitur,
1163 1046 1198 1117 in
1216 1044 1287 1143 epi-

226 1179 372 1259 scopatu
394 1161 622 1233 cabilonensi
645 1163 720 1258 (ι),
749 1161 896 1259 largitus
922 1178 988 1233 est.
1010 1160 1064 1233 lbi
1091 1160 1286 1234 Rodbertm

226 1278 335 1350 abbas
363 1305 445 1350 eum
472 1280 593 1350 electis
620 1277 792 1348 fratribus
824 1277 1032 1377 aliquandiu
1059 1276 1237 1351 habitauit
1258 1280 1286 1351 iu

226 1422 368 1482 eremo,
397 1397 519 1468 nimiae
553 1395 787 1467 districtionis
809 1411 845 1466 et
873 1396 1058 1495 religionis
1084 1394 1287 1468 coenobium

226 1531 435 1586 construere
453 1516 565 1611 eoepit
583 1515 655 1611 (2),
677 1515 822 1612 Deoqne
844 1512 1003 1585 donante
1025 1516 1061 1585 in
1089 1513 1193 1586 brevi
1216 1514 1286 1612 ple·

226 1655 357 1730 rosque
376 1632 572 1702 sanctitatis
588 1631 815 1703 oemulatores
832 1629 971 1702 habuit.
991 1630 1158 1730 Cumque
1177 1630 1286 1703 lllolis·

225 1773 363 1820 menses
373 1747 567 1820 coenobitae
579 1774 644 1845 per
653 1746 799 1846 aliquod
811 1765 950 1845 tempus
961 1766 1106 1846 pastore
1119 1764 1284 1833 carerent,

224 1866 375 1965 viroque
393 1867 457 1937 Dei
475 1864 669 1937 virtutibus
686 1866 820 1937 famoso
845 1864 1068 1952 discedente,
1097 1864 1285 1963 despicabi-

226 1983 333 2054 liores
352 2008 437 2081 erga
467 1984 600 2055 ricinos
617 2000 654 2055 et
674 2001 779 2055 notos
798 1983 942 2072 fierent,
960 1983 1153 2055 Urbanum
1168 1984 1284 2082 Papam

224 2100 400 2196 supplices
413 2098 593 2187 adierunt,
610 2100 713 2198 eique
726 2126 873 2196 prorsus
886 2099 1038 2172 enodata
1052 2101 1145 2173 serie
1160 2125 1282 2183 rerum,

223 2240 310 2313 quas
325 2242 431 2313 supra
450 2217 577 2302 retuli,
598 2217 787 2287 eonsilium
804 2234 840 2288 et
855 2218 1030 2290 auxilinm
1048 2217 1097 2290 ab
1115 2244 1160 2291 eo
1178 2233 1282 2318 posta·

224 2332 403 2404 larerunt.
425 2333 489 2404 llle
505 2358 594 2404 vero
612 2351 763 2430 paterno
780 2334 909 2407 allecto
925 2337 1088 2436 utrisque
1102 2335 1280 2409 consuluit.

224 2448 357 2521 Abbati
394 2452 492 2522 enim
524 2452 717 2548 apostolica
744 2452 847 2551 jussit
879 2454 1094 2525 anctoritate
1129 2469 1171 2525 ut
1199 2452 1282 2551 prius

215 2569 482 2669 monasterium
503 2586 703 2665 repeteret,
724 2585 780 2656 et,
804 2594 848 2640 ne
867 2568 1063 2657 laberetur,
1081 2571 1282 2669 regulariter

223 2702 382 2781 regeret,
401 2712 441 2756 ae
458 2687 493 2756 in
510 2687 599 2773 alio,
616 2685 712 2786 qnod
728 2686 956 2784 postmodum
972 2704 1156 2787 coeperat,
1175 2712 1281 2789 qnem-

222 2801 310 2873 libet
323 2802 367 2873 de
379 2804 449 2873 sois
464 2802 631 2875 idoneum
645 2803 889 2875 substitueret.
905 2804 1042 2877 Deinde
1056 2804 1162 2878 srrma
1174 2805 1281 2878 statuit

222 2923 406 2993 sanctione
428 2939 468 2992 nt
494 2923 528 2992 in
550 2923 677 3017 primis
701 2923 851 3021 quisqne
881 2948 989 3021 quam
1017 2923 1128 2997 vellet
1151 2924 1280 2996 institu-

222 3037 358 3107 tionem
377 3039 461 3108 ritae
485 3039 682 3135 arriperet,
709 3040 891 3138 ipsamque
910 3039 1010 3111 omni
1027 3042 1101 3113 vita
1119 3068 1181 3113 sua
1200 3040 1280 3112 im-

220 3154 442 3252 lragabiliter
462 3173 613 3228 teneret.

270 3272 328 3344 Sic
347 3274 521 3344 nimirum
545 3275 656 3346 solers
668 3275 762 3372 Papa
784 3276 872 3345 utile
892 3300 1001 3373 super
1019 3274 1091 3349 hoe
1107 3274 1279 3349 decretum

221 3391 483 3488 promulgarit,
508 3392 656 3464 dicens:
690 3394 926 3493 Suanrmpere
947 3392 1152 3465 eaoendum
1172 3412 1223 3467 est
1244 3416 1280 3463 ae

220 3504 407 3577 horridum
421 3508 580 3579 schisma
599 3512 635 3579 in
653 3510 763 3582 dorne
784 3512 855 3581 Dei
866 3514 1063 3599 noniano,
1080 3512 1279 3585 multorum·

220 3648 288 3718 que
326 3624 380 3693 acl
413 3625 665 3697 (leua'nrentmn
692 3632 871 3698 scaturiat
896 3644 1004 3727 atque
1025 3646 1225 3725 grassetur,
1250 3640 1279 3699 et

220 3765 342 3810 trottae
360 3768 405 3809 ne
424 3742 554 3812 bonum
578 3744 808 3840 culpabiliter
816 3743 1055 3845 prctyocetur,
1078 3747 1183 3846 quod
1197 3744 1279 3819 diei·

253 3962 1043 4033 UJCfflmm,pmsNmm,dmsbdmmmdefflmbn

253 4056 291 4122 (ει)
307 4055 341 4105 la
357 4053 484 4107 nouvelle
497 4061 694 4111 cornrnnnante
707 4058 749 4111 lnt
764 4060 923 4131 ‹n'ganisee,
938 4070 966 4114 et
980 4058 1019 4114 les
1032 4078 1179 4117 nouveaux
1192 4066 1277 4117 muts

217 4140 331 4214 adeptos
349 4143 373 4195 le
392 4144 539 4198 ‹limanebc
557 4146 606 4199 ‹lrs
619 4146 774 4205 ltameanx.
790 4166 819 4202 m
837 4166 910 4204 mars
924 4148 1006 4223 1098,
1018 4150 1088 4221 jour
1097 4150 1135 4207 de
1147 4152 1174 4207 la
1187 4146 1275 4207 terete

218 4230 286 4283 saint
305 4232 410 4285 llrnoit.
