3016 5242
444 482 561 544 LIBER
583 483 770 599 octavus.
854 534 857 539 .
1082 481 1142 543 453

114 613 237 706 Qualis
254 611 447 711 praedictus
461 612 589 689 doctor
603 631 688 689 ante
703 614 900 688 Dominum
913 598 951 687 et
968 611 1146 700 homines,

63 746 295 831 quantusque
309 731 438 817 suerit,
456 730 549 806 liber
561 733 644 811 vitae
658 733 746 831 ejus,
761 731 872 830 signis
887 730 1014 830 plenus
1024 743 1061 801 et
1077 730 1149 801 vir·

65 848 221 933 tutibus,
239 848 410 920 ostendit.
427 850 468 921 ln
484 850 590 949 gestis
602 850 711 922 etiam
724 875 818 949 saepe
830 863 1056 922 memoratur
1069 848 1146 920 Au-

62 966 193 1055 doeni,
226 966 499 1065 Rotomagensis
524 966 801 1066 archiepiscopi,
832 981 869 1038 et
892 965 1144 1038 Noviomensis

61 1083 193 1181 Eligii,
214 1082 441 1182 aliorumque
461 1085 624 1157 virorum
643 1084 706 1183 qui
724 1081 770 1155 ab
794 1083 858 1157 illo
873 1081 1018 1167 adunati
1035 1096 1140 1169 sunt,

62 1225 103 1267 ac
123 1196 168 1267 ad
187 1222 312 1296 pacem
340 1197 517 1270 virtutum
544 1224 609 1297 per
635 1203 710 1298 ejus
736 1196 955 1271 documenta
978 1196 1141 1295 provecti

60 1327 159 1382 suut.

111 1428 303 1499 Materiam
315 1428 495 1501 scribendi
511 1458 628 1530 nuper
638 1430 684 1503 ab
696 1431 857 1504 Uticensi
869 1428 1014 1503 ecclesia
1029 1427 1139 1525 coepi,

59 1543 121 1614 sed
148 1545 267 1642 ampla
292 1563 472 1618 terrarum
490 1573 600 1647 regua
612 1586 623 1637 μ
642 1550 743 1620 velut
767 1549 806 1618 in
824 1548 973 1619 extasim
996 1560 1139 1644 raptus,

60 1664 248 1759 prospexi,
267 1664 374 1763 longe
394 1665 535 1764 lateque
549 1667 715 1739 oratione
732 1665 898 1752 volitavi,
918 1680 954 1736 et
970 1662 1140 1761 perplura

58 1782 303 1874 perlustrans,
336 1782 580 1881 longissimam
602 1783 844 1881 epanalepsim
870 1782 924 1880 (t)
945 1780 1137 1878 protelavi.

59 1898 167 1968 Nunc
183 1898 303 1967 autem
321 1915 472 1969 stratum
489 1923 630 1985 meum,
650 1897 748 1998 quod
762 1914 815 1970 est
832 1897 947 1984 Utici,
964 1898 1072 1968 lessus
1089 1919 1139 1966 re·

59 2032 201 2111 petam,
219 2031 255 2086 et
272 2015 468 2114 quidquam
486 2016 530 2089 de
548 2015 655 2088 rebus
669 2014 712 2087 ad
730 2041 798 2089 nos
815 2012 1085 2114 pertinentibus
1103 2013 1139 2085 in

60 2132 157 2203 calce
177 2132 261 2203 libri
277 2133 415 2231 liquido
433 2150 606 2206 retexam.
792 2119 794 2122 Ι

112 2249 284 2353 XXtht.
306 2250 417 2323 Anno
442 2250 487 2322 ab
505 2253 759 2326 lncarnatione
779 2268 820 2324 tt⁰
836 2265 1000 2337 xc⁰v111⁰,
1021 2247 1139 2322 indic-

61 2369 162 2440 tione
175 2381 215 2457 1³,
232 2370 337 2468 Hugo
349 2370 393 2441 de
403 2370 698 2460 Grentemaisnil,
714 2372 867 2468 inclytus
880 2368 998 2489 herps,
1013 2368 1048 2439 in
1064 2366 1137 2438 An·

59 2486 133 2583 glia
153 2487 188 2556 in
205 2487 338 2559 lectum
351 2487 503 2576 decidit,
519 2491 690 2589 senioque
706 2506 742 2561 et
762 2478 1136 2572 infirmitate‘sractus,

59 2603 1138 2705 ultimisappropinquavit.TuncaGoislredoAnrelianeusi,

61 2719 286 2792 Uticensium
306 2723 447 2819 priore,
475 2749 584 2823 quem
602 2724 778 2824 Rogerius
801 2720 910 2794 abbas
935 2746 1004 2820 pro
1028 2719 1137 2793 tutela

58 2837 215 2935 ejusdem
235 2841 271 2910 in
288 2839 418 2939 Anglia
430 2841 645 2940 jampridem
663 2840 867 2928 dimiserat,
881 2837 1139 2913 monachatum

60 2957 228 3053 suscepit,
243 2975 414 3057 sextoque
426 2959 657 3056 postmodum
671 2960 746 3048 die,
761 2965 845 3033 v111⁰
861 2958 997 3031 scilicet
1008 2956 1136 3029 kalen-

60 3072 121 3143 das
133 3077 268 3164 martii,
287 3076 380 3147 obiit
395 3079 460 3172 (a).
477 3076 565 3150 lnde
577 3076 781 3151 Bernardus
794 3094 830 3149 et
842 3074 977 3164 David,
993 3074 1138 3148 Uticen-

59 3216 112 3261 ses
125 3192 335 3282 coenobitae,
349 3193 499 3266 cadaver
513 3195 607 3266 illius
619 3195 775 3283 salitum,
788 3211 824 3266 et
838 3197 939 3267 corio
950 3193 1063 3267 boum
1075 3217 1138 3290 op·

60 3309 147 3379 time
163 3328 374 3402 consutum,
400 3313 435 3385 in
461 3312 724 3384 Normanniam
748 3309 1001 3385 conduxerunt
1008 3339 1019 3398 3
1039 3307 1137 3408 quod

56 3452 151 3524 saepe
170 3430 375 3502 nominatus
399 3429 508 3501 abbas
531 3446 567 3502 et
591 3446 790 3502 conventus
809 3427 1074 3502 monachorum
1099 3427 1136 3498 in

92 3730 131 3796 (r)
149 3729 241 3798 loyca
254 3729 404 3794 cidessus,
423 3750 451 3802 p.
466 3728 526 3797 405.

91 3817 131 3883 (a)
149 3817 388 3872 Probablcmcnta
402 3821 548 3873 leicester.
564 3819 587 3872 ll
600 3823 669 3874 esta
683 3840 845 3896 remarquer
857 3841 912 3897 que
924 3821 963 3875 les
975 3819 1048 3874 deux
1058 3819 1135 3873 dates

55 3905 180 3957 fournies
205 3924 254 3975 par
277 3917 358 3960 notre
380 3918 480 3961 auteur
504 3926 532 3962 se
557 3909 758 3965 contredisent.
782 3912 817 3965 lla
838 3912 975 3984 premiere
994 3911 1082 3962 anuee
1100 3905 1135 3960 de

55 3991 214 4046 l'indiction
233 4013 267 4047 nc
287 3997 458 4068 correspond
479 4002 555 4069 pasis
575 3998 654 4072 1098,
673 4001 741 4053 mais
756 4003 770 4052 a
787 4000 867 4072 ¹⁰u5t
886 4011 913 4053 ct
929 3999 949 4052 il
964 3998 1052 4069 parait
1067 4014 1134 4049 con-

54 4092 200 4154 stantque
216 4083 282 4136 c’est
295 4085 507 4140 ve'ritablenrent
522 4092 536 4140 ai
553 4107 584 4141 ce
599 4089 711 4143 dernier
726 4088 824 4143 chiffre
839 4088 906 4162 qu’il
921 4088 980 4142 saut
995 4085 1132 4140 s'arreter.

55 4172 135 4223 Ainsi
153 4172 256 4243 llugue
271 4174 305 4226 de
320 4158 529 4232 Grentcmesnil
545 4198 611 4232 aura
628 4180 686 4252 pris
701 4180 799 4234 l'habit
814 4180 988 4249 monastique
1005 4176 1029 4229 le
1049 4174 1080 4228 16
1094 4175 1132 4228 lc·

55 4263 129 4314 vrier
148 4260 226 4333 1093,
241 4274 267 4317 et
282 4283 339 4318 sera
354 4279 427 4321 mort
442 4268 466 4321 lc
483 4288 514 4322 'aa
530 4270 568 4324 (lu
587 4272 675 4325 nieme
692 4273 770 4324 mois.
