3016 5242
215 414 399 487 [11⁰·x⁰uue.
412 407 504 485 1099]
610 402 730 466 LIBER
750 402 888 468 NONUS.
1052 478 1057 487 Ι
1225 410 1288 471 615

217 540 415 612 noluerunt
439 537 558 626 exire,
584 535 700 612 donec
720 536 892 611 certiores
910 533 1040 612 fierent
1054 536 1100 612 de
1117 537 1291 613 Admira-

216 657 282 729 visi
307 655 514 729 incursione
531 655 601 753 (ι).
620 655 758 745 Porro,
783 655 866 729 visis
885 654 1055 730 omnibus
1075 683 1158 758 quus
1181 682 1292 757 puru-

218 774 375 862 bantur,
414 798 477 847 rex
511 773 823 848 Marturonensem
848 773 1055 874 episcopum
1086 774 1221 850 direxit
1253 777 1292 851 in

219 892 438 980 Jerusalem,
457 892 520 991 qui
537 889 971 991 principibustestaretur
985 917 1211 994 mmeunque
1225 919 1294 993 pu·

219 1006 409 1079 rebantur.
427 1006 813 1106 Martaronensis,pos
747 1006 1134 1108 postquam'l’olosano
1148 1007 1295 1085 etNon·

219 1150 356 1198 manno
385 1125 525 1198 locutus
546 1126 682 1217 luerat,
703 1126 874 1199 festinum
898 1140 941 1199 ut
967 1124 1100 1201 indicta
1119 1128 1320 1203 comitum·
1299 1158 1359 1247 i!

220 1242 331 1315 verba
350 1243 426 1342 regi
450 1244 603 1316 referret
622 1269 663 1316 uc
682 1241 977 1343 patriurchoesrn
998 1269 1126 1319 munus
1140 1268 1297 1346 pogen«)-

221 1388 305 1432 rum
319 1359 483 1450 devenit,
502 1376 539 1434 et
554 1359 707 1435 dubium
722 1375 776 1435 est
790 1386 838 1435 un
851 1358 1046 1452 abductus,
1063 1386 1113 1437 ιιιι
1127 1378 1376 1463 pomp-¹

222 1496 277 1550 tus
295 1479 360 1567 sit,
381 1477 441 1551 sed
460 1495 581 1578 postea
600 1504 676 1553 non
695 1478 956 1579 comparuit(2
957 1479 988 1578 )

271 1596 471 1669 Tolosanus
488 1613 607 1671 autem
622 1613 659 1671 et
673 1596 907 1673 Normannus
923 1624 1006 1673 cum
1022 1597 1146 1673 multis
1160 1552 1209 1672 ad
1222 1596 1298 1673 bol·

224 1717 301 1788 lum
319 1714 470 1814 prolecti
487 1731 591 1805 sunt,
610 1731 647 1789 et
663 1727 717 1791 ιν
731 1716 820 1789 leriu
831 1715 887 1815 (3)
899 1714 1099 1791 Jerusalem
1113 1716 1294 1791 exierunt.

223 1833 354 1905 Clerici
367 1832 482 1905 missis
495 1848 532 1905 et
544 1831 770 1906 orationibus
781 1831 966 1908 vacabant.
978 1833 1107 1907 Petrus
1119 1833 1295 1925 Eremitu,

222 1967 352 2024 etrum
373 1948 561 2024 imbecillis
577 1950 703 2050 populi
718 1949 939 2051 frequentia,
952 1949 1015 2051 qui
1028 1967 1296 2045 remanserunt,

222 2085 259 2141 et
281 2067 426 2140 imbelle
450 2093 562 2168 genus
585 2067 801 2158 mulierum,
825 2066 1070 2165 prooessionee
1086 2066 1132 2142 de
1151 2067 1300 2143 ecclesie

226 2188 263 2258 in
293 2186 477 2258 ecclesium
508 2184 715 2286 agitabant,
748 2181 976 2259 orationibus
998 2199 1036 2258 et
1064 2184 1300 2284 eleemosynis

225 2304 353 2377 devote
382 2304 618 2390 insistebant,
650 2318 692 2385 ut
721 2301 902 2404 propitius
934 2300 1073 2401 populo
1104 2327 1171 2377 suo
1202 2302 1300 2379 Deus

224 2421 510 2495 misericorditer
523 2419 753 2511 subveniret,
773 2417 964 2519 hostesque
979 2443 1061 2493 suos
1082 2418 1170 2494 lorti
1187 2445 1301 2495 manu
1367 2504 1373 2515 ¹
1475 2430 1482 2447 ⁶

227 2538 556 2638 irrecuperabiliter
573 2552 834 2637 prosterneret.
852 2536 1036 2612 Primores
1058 2537 1198 2638 itaque,
1215 2564 1300 2613 cum

227 2659 296 2728 suis
313 2656 547 2745 exercitibus,
566 2653 610 2729 ad
627 2653 784 2745 llumen,
804 2652 904 2757 quod
923 2670 979 2729 est
995 2669 1124 2731 oontm
1147 2654 1301 2732 Ascalo·

229 2800 332 2864 nem,
358 2773 567 2875 congregati
588 2789 686 2847 sunt.
708 2773 789 2848 lllie
805 2787 967 2846 armenta
985 2770 1129 2872 copiosa
1148 2771 1302 2849 invene-

229 2907 335 2977 runt,
362 2907 398 2963 et
422 2892 543 2989 opima
569 2889 693 2992 praeda
717 2888 822 2964 ditati
847 2904 945 2965 sunt.
967 2889 1138 2963 Trecenti
1163 2886 1305 2967 Anba

230 3007 387 3080 Francos
405 3009 586 3106 prosecuti
601 3024 705 3098 sunt;
723 3004 785 3082 sed
801 3006 855 3083 illi
867 3007 1041 3109 protinus
1055 3006 1096 3083 in
1109 3008 1304 3089 sosime-

267 3316 275 3381 (
281 3316 305 3382 t)
320 3313 359 3368 Cn
371 3311 416 3366 lut
430 3311 521 3364 moins
532 3324 634 3366 encore
645 3307 708 3363 leur
719 3306 889 3364 incertitudo
901 3324 951 3363 rur
960 3306 988 3363 lu
998 3308 1114 3365 marche
1125 3306 1165 3365 du
1175 3310 1244 3367 visir
1253 3312 1305 3387 qul

234 3404 321 3456 serint
334 3404 349 3455 t
362 3399 529 3467 Je'rusalem,
541 3396 674 3473 jusqu'uu
687 3394 802 3455 dmm
814 3405 955 3467 nomm,
969 3395 998 3453 le
1010 3406 1103 3455 comte
1113 3396 1152 3455 de
1163 3398 1307 3458 Toulouss

233 3503 262 3548 et
276 3493 301 3547 le
319 3491 374 3546 duc
391 3491 427 3546 de
443 3487 631 3558 Normandiet
647 3505 704 3564 que
714 3485 777 3545 leur
787 3484 916 3544 noideur
928 3503 1002 3563 pour
1013 3485 1055 3545 let
1066 3486 1184 3545 interitu
1194 3487 1230 3545 de
1241 3488 1306 3547 Go-

234 3584 339 3650 delroi,
362 3581 443 3656 qu'ils
461 3580 617 3636 affectuieut
640 3578 677 3636 de
696 3574 831 3652 regarder
848 3594 958 3634 comme
975 3576 1035 3634 nul
1051 3578 1222 3653 oompmmi!
1236 3578 1308 3637 dm
1352 3578 1361 3595 ⁸

235 3685 307 3730 cruc
327 3673 406 3728 lune.
431 3671 596 3727 L’elevatiou
612 3668 649 3726 de
669 3686 702 3726 ce
717 3668 844 3744 princei
862 3684 903 3725 uu
921 3666 1005 3725 noue
1019 3666 1087 3725 bien
1099 3668 1229 3727 chetilet
1240 3668 1309 3729 bien

236 3765 289 3819 mal
313 3764 406 3818 assumi
425 3761 497 3816 avait
519 3759 761 3816 immediatement
781 3754 935 3835 dhvdqlpd
951 3757 1098 3834 muucoup
1117 3756 1260 3834 (ΝΜ
1277 3768 1309 3818 et

237 3856 412 3909 d’animosite'
425 3853 493 3908 dans
506 3850 531 3906 le
543 3868 621 3907 coeur
632 3849 668 3905 de
680 3867 723 3906 ees
732 3866 923 3925 compagnons
933 3847 1062 3907 d'urmee.

275 3946 313 4015 (ι)
330 3944 377 4000 On
389 3941 506 4015 regards
519 3939 726 4013 generalement
735 3937 974 3995 1ὀιιΙὲιειιιοιιῑᾱο
984 3956 1017 3994 ec
1028 3936 1116 4013 prelat
1128 3956 1180 4012 pur
1191 3937 1231 3994 les
1243 3938 1310 3995 llu-

239 4034 358 4086 sulnrans
373 4051 481 4087 comme
495 4049 550 4086 une
565 4028 694 4103 punition
709 4028 748 4084 du
763 4028 830 4099 ciel,
844 4047 917 4104 pour
931 4028 957 4085 lu
972 4037 1034 4104 part
1046 4028 1114 4103 qu'il
1125 4028 1313 4104 uruitprioel

238 4124 373 4177 l'clection
387 4122 532 4178 d'rlrnoul.

274 4223 281 4273 l
286 4214 313 4283 3)
329 4216 364 4268 bc
380 4215 515 4271 nrercredi
533 4233 564 4269 ιο
578 4212 653 4269 norit.
