3046 5244
104 502 198 578 [sose]
453 495 569 557 sinen
590 496 792 558 serranus.
1097 506 1152 564 sos

102 630 195 701 labor
217 655 279 701 cor
303 654 420 700 meum
441 639 565 724 angit,
586 630 775 730 pnecipue
790 653 860 728 pro
883 631 1044 704 ecclesiis
1063 632 1155 720 Dei,

99 774 185 845 quus
201 744 347 847 afflixit.
368 743 561 815 Christiani
581 770 702 842 reges,
722 745 890 842 quiante
912 772 968 817 me
986 772 1156 845 regnove·

96 879 194 949 emit,
215 861 425 934 Ecclesium
442 861 516 931 Dei
531 875 763 947 ornaverunt,
779 859 970 933 honoribus
986 880 1019 934 et
1037 871 1157 939 cenir's

95 979 199 1050 nerelti
214 980 356 1076 generis
374 977 705 1076 loeupletnoenmt;
727 978 822 1049 uncle
845 1004 964 1070 nune,
987 999 1025 1052 ut
1041 984 1156 1055 credi-

94 1124 172 1167 mus
181 1153 193 1185 ,
212 1098 251 1166 in
264 1120 412 1167 umoenu
426 1094 510 1167 sede
512 1093 627 1192 felici
641 1093 868 1169 retributione
880 1099 1083 1195 gaudentes
1100 1126 1157 1172 re-

95 1216 293 1313 quiescunt.
326 1212 541 1284 Adelbertus
572 1229 605 1283 et
634 1212 800 1284 Edoinus
828 1240 876 1286 oe
901 1233 1050 1289 soncttts
1083 1216 1155 1291 Os-

95 1332 251 1421 noldus,
289 1330 406 1401 Atlrul
422 1328 463 1401 iss
493 1358 539 1402 uc
564 1328 765 1429 Aljieclns,
801 1333 1008 1407 Edwardus
1037 1343 1158 1408 senior

94 1468 125 1520 et
141 1449 341 1547 Edgarus,
366 1466 611 1547 cognatusque
629 1476 728 1521 meus
747 1467 781 1521 et
798 1453 1008 1522 carissimus
1034 1450 1156 1524 domi-

94 1592 157 1637 nus
175 1565 387 1639 Edwardus
406 1566 583 1637 dederunt
597 1593 683 1667 opes
702 1567 879 1639 Ecclesioe
897 1585 1052 1658 sanctae,
1073 1594 1157 1668 qum

94 1700 143 1756 est
157 1708 295 1783 sponso
308 1684 390 1794 Dei.
409 1686 446 1754 E
448 1700 461 1752 t
461 1680 590 1780 frater
601 1710 718 1770 incus,
743 1689 804 1756 cui
823 1687 931 1757 totius
946 1695 1049 1784 regni
1065 1703 1154 1760 tute·

95 1804 163 1872 lom
194 1800 457 1889 commendavi,
482 1800 656 1872 violenter
669 1827 753 1902 opes
777 1804 946 1901 diripuit,
966 1804 1158 1877 cnsdeliter

91 1946 267 2020 pauperes
280 1924 475 2021 oppressit,
480 1918 623 2017 jiioolo
636 1947 697 2018 spe
709 1920 840 1991 milites
858 1919 944 1991 rnilri
963 1925 1152 2023 surripuit,

94 2053 270 2134 totumque
302 2062 451 2133 regnum
478 2037 624 2135 injustis
659 2036 911 2109 exactionibus
946 2041 1153 2112 concutiens

93 2154 309 2251 exagitavit.
330 2153 434 2250 Quid
445 2153 724 2249 indeogendum
736 2155 783 2224 sit
793 2170 899 2224 caute
911 2156 1151 2245 considerate,

93 2286 123 2339 et
136 2269 244 2358 milri,
260 2296 397 2369 pereso,
418 2272 611 2341 insinuate.

135 2386 298 2485 Cumque
314 2411 438 2459 omnes
451 2403 591 2458 tantum
609 2389 728 2458 vinam
743 2387 929 2477 timerent,
948 2404 984 2461 et
1006 2404 1152 2462 senten-

91 2503 173 2575 tiam
201 2504 237 2574 in
261 2504 364 2575 iilum
385 2506 547 2601 prolerre
571 2501 797 2591 dubitarent,
818 2506 1066 2602 magnanimus
1088 2530 1152 2579 rex

90 2621 161 2692 ait:
183 2621 313 2692 Noxia
337 2624 515 2692 temeritas
538 2648 680 2721 semper
702 2621 972 2720 comprimendo
989 2638 1057 2710 est,
1087 2648 1153 2696 nee

90 2742 149 2809 esni
159 2739 215 2809 od
228 2738 481 2810 detn'mentum
495 2737 704 2838 reipublicce
712 2764 782 2839 pro
795 2737 921 2836 aliquo
918 2735 1055 2836 jecore
1063 2767 1153 2840 por

87 2854 242 2926 cendum
267 2872 331 2926 est.
364 2855 473 2926 Hunc
499 2881 582 2950 ergo
608 2859 724 2926 virum
734 2910 746 2942 ,
773 2856 839 2951 qui
855 2871 983 2924 terrum
1011 2854 1149 2942 turbat,

86 2971 375 3073 comprehendite
382 3005 396 3055 ,·
414 2990 468 3058 et,
487 2997 532 3041 ne
549 2975 586 3040 in
601 2970 759 3042 deterius
770 2970 987 3071 prccoaleot,
1007 2971 1156 3043 solerter

84 3090 266 3161 custodite.
285 3089 447 3188 Cumque
472 3088 591 3159 nullus
615 3089 650 3160 in
673 3088 879 3187 episcopum
905 3087 1052 3162 auderet
1070 3090 1153 3189 inji-

84 3232 167 3281 cere
183 3233 350 3293 manum,
371 3231 433 3278 rex
453 3207 527 3304 ipse
550 3206 688 3304 primus
704 3205 942 3304 apprehendit
967 3233 1062 3278 eum.
1084 3207 1152 3280 llio

83 3344 202 3398 autem
221 3324 437 3398 reclamante
453 3355 460 3393 ι
481 3326 645 3397 Clericus
660 3352 754 3414 sum,
770 3340 804 3395 et
813 3327 975 3396 minister
984 3326 1132 3396 Domini
1137 3357 1151 3411 ,·

82 3472 157 3517 non
187 3444 267 3518 licet
288 3444 499 3546 pontificem
528 3444 705 3514 domnure
731 3447 810 3513 sine
829 3442 978 3542 judicio
1002 3448 1125 3542 Paper
1134 3478 1151 3532 ,-

82 3560 256 3661 providus
276 3587 339 3633 rex
358 3558 407 3632 ait
432 3591 440 3630 :
464 3563 548 3660 Ego
572 3587 644 3631 non
671 3559 840 3632 clericum
864 3586 930 3631 nec
955 3563 1150 3633 (unistitem

82 3677 238 3766 dnnrno,
258 3677 324 3748 sed
339 3679 504 3749 comitem
519 3702 637 3747 meum
657 3679 730 3771 (a),
751 3703 854 3775 quern
872 3701 950 3746 rueo
971 3680 1053 3748 viee
1071 3704 1151 3748 meo

78 3799 269 3896 proposui
286 3822 412 3893 regno,
432 3797 606 3865 rationem
628 3797 825 3867 connnissoe
837 3793 1072 3866 villicationis
1087 3822 1152 3865 ou·

82 3915 163 3984 dire
180 3914 306 3986 volens
321 3912 596 4012 comprehendo.

133 4032 190 4102 Sic
225 4033 321 4129 regia
352 4048 505 4129 potestas
532 4030 720 4130 praesatum
753 4030 942 4127 praesuicm
968 4029 1079 4125 cepit,
1115 4027 1149 4097 in

128 4200 261 4209 -u-—u—
273 4202 279 4207 -
293 4202 369 4209 --—
387 4203 412 4209 ---
425 4204 430 4209 -
467 4202 603 4211 ..---—--
623 4201 729 4209 ι---οιιι
750 4202 786 4209 u—
823 4196 1006 4209 ...ἕ-
1016 4190 1149 4203 “⁸⁸⁸¹-

137 4280 156 4333 rj
170 4274 273 4325 (Jonsn-
286 4271 320 4323 de
334 4272 413 4324 kent.
