3046 5244
231 462 337 539 [nne]
599 454 715 517 arsen
735 456 924 517 ocrarns.
1236 458 1297 517 ara

231 591 339 676 bant,
370 605 406 661 et
430 587 561 660 ibidem
586 607 666 688 post
689 589 850 663 laborem
876 591 983 662 citam
1015 589 1297 688 repausationem

231 706 437 792 sumebant,
457 722 564 805 atque
587 722 666 804 post
688 706 842 780 inediam
862 706 1008 781 uberem
1030 708 1238 781 alimoniam
1254 734 1298 781 ex

232 825 457 896 institutione
474 824 663 922 principali
680 823 922 923 reperiebant.
936 826 1050 925 lgilur
1063 848 1105 895 ex
1120 824 1299 921 insperato

231 941 422 1021 consolati,
440 940 516 1013 Deo
528 941 657 1040 gratias
668 940 842 1040 agebant,
859 959 896 1014 et
909 967 977 1040 pro
990 940 1296 1029 benefactoribus,

230 1061 292 1158 qui
312 1060 418 1157 longe
431 1074 513 1130 ante
531 1074 670 1131 tantum
685 1058 752 1130 sibi
770 1059 979 1158 sull'ragium
993 1073 1296 1157 praeparaverant,

228 1174 435 1246 Creatorem
463 1175 627 1246 omnium
654 1175 712 1273 pie
735 1174 946 1248 exorabant.
976 1174 1180 1273 Antequam
1207 1172 1301 1245 Nor·

229 1293 351 1363 manni
371 1290 537 1388 rlngliam
553 1290 809 1381 obtinuissent,
826 1318 904 1365 mos
920 1308 998 1363 erat
1010 1308 1070 1381 ut,
1087 1290 1175 1362 dum
1187 1306 1300 1363 recto

229 1436 285 1481 res
298 1409 526 1481 ecclesiarum
538 1408 702 1497 obirent,
722 1410 907 1508 episeopus
921 1406 1196 1494 coenobiorum,
1217 1432 1299 1505 quae

229 1528 265 1598 in
290 1553 348 1597 sua
367 1525 511 1598 dioecesi
531 1543 652 1613 erant,
679 1552 736 1600 res
757 1526 908 1601 sollicite
924 1525 1161 1613 describeret,
1179 1540 1217 1596 et
1233 1523 1301 1596 sub

226 1642 364 1715 ditione
397 1670 476 1731 sua,
512 1642 627 1717 donec
659 1643 804 1717 abbates
835 1645 993 1743 legitime
1024 1640 1295 1729 ordinarentur,

227 1758 434 1832 custodiret.
454 1761 627 1832 Similiter
640 1761 926 1861 archiepiscopus
944 1761 1114 1860 episcopii
1138 1786 1213 1848 res,
1232 1786 1299 1830 an-

229 1879 338 1948 tistite
350 1875 536 1968 delnncto,
553 1879 734 1966 servabat,
756 1897 793 1952 et
809 1878 1027 1978 pauperibus
1038 1879 1094 1952 vel
1108 1879 1299 1950 structuris

229 1992 476 2083 basilicarum,
508 1998 561 2068 vel
586 1997 663 2069 aliis
693 1996 798 2069 bonis
823 1997 993 2095 operibus
1002 2052 1013 2085 ,
1042 1994 1300 2068 cumconsilio

228 2110 507 2185 domesticorum
516 2113 671 2212 ejusdem
686 2116 843 2188 ecelesiae
855 2112 1086 2186 distrahebat.
1102 2115 1206 2185 Hunc
1220 2136 1299 2210 pro

228 2231 321 2301 lecto
338 2256 474 2302 morem
489 2230 702 2304 Guillelmus
719 2232 828 2304 Rufus
844 2231 891 2305 ab
908 2231 1012 2303 initio
1030 2231 1133 2328 regni
1152 2230 1204 2301 sui
1220 2253 1300 2326 per·

230 2348 390 2420 suasione
408 2346 611 2421 flambardi
629 2348 804 2438 abolevit,
823 2365 860 2421 et
872 2348 1190 2447 metropolitanam
1208 2344 1299 2417 Can-

231 2466 354 2536 tuariae
373 2463 490 2537 sedem
505 2468 580 2538 sine
599 2465 769 2564 pontiliee
785 2465 901 2538 tribus
914 2465 1018 2537 annis
1034 2488 1108 2537 esse
1119 2462 1205 2535 feeit
1221 2464 1236 2559 (
1243 2463 1276 2560 r)
1286 2516 1297 2549 ,

227 2584 371 2680 ejusque
385 2581 543 2654 redditus
556 2585 626 2655 suis
641 2582 811 2657 thesauris
826 2583 962 2656 intulit.
976 2583 1152 2681 injustum
1164 2582 1298 2681 quippe

227 2698 383 2788 ridetur,
416 2703 589 2800 omnique
613 2702 748 2774 rationi
775 2701 999 2785 contrarium
1028 2716 1069 2773 ut
1094 2697 1196 2799 quod
1223 2698 1300 2771 Deo

228 2812 350 2885 datum
366 2830 418 2885 est
436 2814 595 2887 lidelium
611 2815 824 2890 liberalitate
837 2816 1063 2916 principum,
1083 2814 1139 2886 rel
1155 2812 1298 2885 solertia

228 2931 512 3027 dispensatoriam
536 2933 780 3007 ecclesiastieae
808 2937 859 3007 rei
889 2933 1116 3006 laudabiliter
1141 2948 1194 3005 est
1218 2957 1298 3003 auc-

232 3063 324 3135 tum,
344 3045 463 3121 denuo
476 3047 544 3120 snb
557 3050 668 3121 laicali
684 3077 793 3122 manu
808 3050 1026 3136 retrahatur,
1042 3051 1130 3122 etin
1149 3046 1300 3120 nelarios

232 3165 350 3235 secuti
375 3190 458 3235 usus
481 3163 713 3238 distrahatur.
738 3164 987 3239 indubitanter
1009 3162 1229 3237 credendum
1248 3179 1301 3235 est

233 3277 327 3378 quod
337 3333 349 3365 ,
368 3284 459 3353 sicut
477 3279 547 3368 illi,
566 3284 628 3380 qui
646 3282 723 3355 Deo
740 3281 785 3354 de
801 3283 871 3353 suis
883 3281 1013 3381 opibus
1029 3284 1087 3380 pie
1103 3279 1298 3364 dederunt,

231 3398 301 3493 jam
328 3396 603 3472 retributionem
629 3401 844 3472 meritorum
872 3398 1030 3473 donante
1053 3400 1131 3471 Deo
1153 3422 1301 3497 recepe-

235 3530 341 3602 runt,
363 3515 411 3583 sic
432 3515 594 3614 sacrilegi
611 3542 796 3589 sacrorum
812 3517 991 3589 invasores
1009 3518 1128 3590 ultore
1142 3516 1219 3589 Deo
1232 3543 1302 3615 pu-

237 3630 393 3713 nientur,
411 3632 610 3731 opibusque
620 3688 630 3719 ,
646 3660 733 3732 quas
760 3634 888 3732 injuste
906 3632 1112 3731 possident,
1130 3660 1212 3706 cum
1224 3634 1300 3732 jugi

235 3744 404 3820 dedecore
421 3747 684 3844 spoliabuntur.
700 3752 967 3850 Omnipotentis
978 3753 1076 3824 enim
1095 3751 1150 3824 lex
1167 3768 1300 3824 aeterna

237 3938 444 3953 ---—-...-...
480 3948 514 3954 .-

606 3948 611 3953 -
648 3946 1102 3957 ᾑ-ι--ῳ--υι---ο-..ῥ

282 4066 301 4122 ij
317 4058 351 4107 'rtl
367 4076 420 4110 nnn
440 4060 538 4130 rntln-b'
552 4080 624 4113 mars
641 4058 715 4133 ¹⁰93
736 4061 840 4114 lineare
853 4058 968 4114 tatlut-it
981 4060 1004 4111 la
1019 4062 1207 4113 circonstanrr
1219 4054 1302 4107 ‹l'nnr

239 4142 349 4195 nraladir
370 4164 451 4205 erare
470 4158 494 4195 rt
514 4146 548 4198 alr
566 4148 588 4200 la
608 4148 729 4201 siolrnrr
747 4166 801 4220 qne
818 4148 856 4201 tui
876 4148 954 4201 liunt
971 4164 1012 4198 ses
1028 4150 1187 4201 srrritrnrs,
1203 4161 1298 4213 patrari

240 4234 344 4303 tpprlrr
359 4248 427 4287 =arnt
449 4237 586 4294 ltus-lano,
603 4257 710 4290 rnrrrnrr
723 4258 758 4291 nn
774 4258 803 4291 ra
819 4237 843 4291 lr
857 4241 923 4291 roir.
