3046 5244
242 453 259 511 l
515 449 696 509 HISTORIA
721 449 1024 511 Ecetttsttstttlt.

238 580 390 668 ell'ulsit3
407 580 478 666 eni,
495 597 681 678 postquam
697 577 910 653 Gberboilus
924 579 1151 653 Flamlrensis
1163 578 1208 649 atl
1223 606 1305 651 suos

239 696 401 782 recessit,
426 720 487 767 rex
506 697 715 769 comitatum
734 696 958 769 Cannensem
976 694 1126 768 consilio
1142 692 1304 793 prmleu·

240 831 315 885 tum
328 812 514 886 concessit.
530 813 597 885 llie
612 814 782 885 nimirum
798 830 936 885 amator
950 812 1069 884 sarculi
1086 813 1169 898 suit,
1188 838 1303 883 smen-

238 927 438 1027 la'rinmqne
460 952 692 1027 pomparum,
716 955 803 1028 qum
823 928 1015 999 maximam
1041 924 1303 998 beatitudinum

236 1042 383 1143 putabat
396 1068 470 1117 esse
487 1045 692 1142 portionem
710 1044 958 1117 humanarum.
971 1044 1059 1115 Erat
1071 1044 1166 1115 enim
1184 1044 1219 1114 in
1235 1043 1304 1113 mi·

237 1163 309 1234 litia
322 1178 528 1262 promptus,
542 1164 577 1234 in
590 1160 709 1233 dando
726 1163 831 1243 nimis
842 1160 1032 1260 prodigus,
1046 1156 1304 1256 gandensludis

235 1296 270 1351 et
289 1275 451 1362 luxibus,
481 1278 619 1364 mimis,
639 1280 737 1377 equis
764 1294 800 1351 et
820 1277 985 1364 mnibus,
1005 1275 1152 1375 aliisque
1178 1274 1303 1372 liujus-

235 1392 333 1467 modi
365 1392 595 1466 vanitatibus.
623 1395 713 1467 lluic
742 1396 894 1466 maxima
925 1418 1067 1491 semper
1098 1388 1304 1462 adhaerebat

233 1511 385 1598 familia,
403 1513 437 1583 iu
456 1510 586 1610 quibus
601 1510 778 1583 nobilium
800 1510 1086 1611 ignobiliumque
1107 1533 1302 1606 puerorum

234 1653 422 1700 numerosa
455 1626 700 1727 perstrepebat
735 1630 851 1728 eopia.
882 1629 974 1700 Cum
997 1625 1122 1701 eodem
1158 1624 1305 1697 eortsule

233 1742 554 1817 commorabantur
578 1746 644 1816 riri
670 1743 919 1832 honorabiles,
944 1743 1064 1817 cleriei
1089 1759 1126 1814 et
1152 1740 1302 1826 milites,

232 1878 412 1960 questam
432 1860 598 1933 laborum
614 1888 721 1960 qnam
739 1861 945 1933 divitiarum
964 1856 1215 1960 gratulabatur
1230 1880 1304 1929 esse

232 2004 375 2049 suarum
399 1979 601 2078 participes.
618 1979 657 2050 ln
682 1979 814 2076 capella
834 1981 908 2077 ejus
925 1977 1101 2049 serviebat
1119 1974 1304 2049 Abrinca-

234 2095 341 2165 tensis
354 2095 506 2167 clericus
523 2096 672 2167 nomine
687 2094 863 2168 Geroldus
880 2097 960 2193 (a),
982 2094 1156 2192 religione
1179 2107 1216 2162 et
1231 2088 1303 2161 ho-

233 2222 366 2278 uestate
376 2261 387 2294 ,
409 2208 607 2307 peritiaque
625 2208 825 2279 litterarum
839 2206 1023 2306 praeditus.
1039 2205 1104 2275 llic
1116 2203 1303 2275 servitium

231 2324 548 2426 Dominiqnotidie
565 2325 720 2399 lideliter
733 2324 880 2426 agebat,
894 2341 931 2397 et
943 2337 1208 2397 sacrosanctum
1221 2317 1305 2391 libn-

230 2465 312 2514 meu
325 2442 453 2516 devote
462 2444 671 2544 frequenter
680 2443 885 2517 exhibebat.
901 2442 1009 2515 Viros
1022 2440 1185 2527 curiales,
1199 2464 1305 2536 quos-

229 2585 384 2659 cumque
407 2576 566 2657 poterat,
601 2560 643 2633 ael
680 2561 968 2635 emendationem
995 2560 1078 2635 uitae
1109 2555 1305 2656 propositis

229 2690 493 2748 nectes-soram
518 2679 691 2777 exemplis
720 2678 905 2751 inritabat.
936 2679 976 2751 ln
1001 2675 1124 2748 multis
1139 2670 1301 2755 videbat,

230 2791 434 2892 meritoque
446 2794 671 2892 vituperabat
684 2798 863 2870 carnalem
879 2794 1126 2897 petulantiam,
1136 2791 1304 2865 nimium-

228 2910 350 3008 quein
370 2909 534 3008 pluribus
552 2938 636 3011 erga
653 2914 714 2987 Dei
729 2915 866 2987 enltum
885 2912 1030 3014 lugebat
1043 2914 1225 3011 ingentem
1237 2933 1304 2979 ne*-

228 3024 451 3123 gligentiam.
465 3026 659 3128 Praecipuis
671 3029 868 3103 baronibus
882 3049 918 3104 et
932 3029 1099 3105 modestis
1112 3022 1301 3109 militibus,

229 3143 420 3243 puerisque
439 3128 971 3222 nobilibnssalutaresmonitus
986 3144 1194 3247 promebat,
1210 3159 1247 3215 et
1257 3140 1305 3213 tle

228 3256 349 3331 Veteri
382 3260 632 3349 Testamento,
671 3266 842 3365 novisque
873 3266 1161 3338 Clnistianorum
1196 3261 1304 3358 gestis

228 3372 398 3445 imitanda
416 3393 622 3449 satiatorum
636 3366 793 3453 militum
809 3381 974 3453 tiroeinia
990 3378 1147 3451 ubertim
1165 3398 1304 3446 ‹naem-

227 3487 346 3561 rabat.
368 3492 586 3567 Luculenter
602 3496 698 3569 enim
717 3496 909 3569 enarrabat
924 3496 1114 3570 tnnllietns
1128 3489 1301 3565 Demetrii

226 3624 261 3679 et
276 3609 443 3709 Georgii,
469 3612 501 3682 Τ
503 3609 650 3686 beaulori
669 3630 706 3685 et
722 3614 938 3701 sebastiani,
966 3611 1130 3685 blanrieii
1146 3608 1248 3683 ducis
1265 3621 1303 3677 et

225 3722 392 3799 Tbebteae
411 3727 580 3825 legionis,
596 3747 633 3803 et
649 3729 829 3804 Eustachii
846 3730 1006 3830 plumbi
1021 3726 1182 3829 magistri
1202 3721 1297 3797 mili·

225 3854 302 3914 tum
321 3869 403 3914 cum
415 3845 518 3917 sociis
530 3846 622 3932 siais,
640 3848 702 3944 qni
722 3872 786 3945 per
800 3848 1012 3945 martyrium
1031 3841 1198 3917 enuntiari
1218 3865 1300 3910 ane-

231 4015 319 4028 —.-
365 4021 407 4029 --.
441 4022 448 4027 .
474 4022 562 4031 ...-..
756 4026 765 4035 a
895 4028 898 4033 ,
1000 4026 1007 4031 .
1034 4024 1040 4031 ι
1147 4019 1150 4025 ¹
1198 4014 1280 4027 ¹⁰·-

259 4130 269 4196 l
278 4149 283 4177 ι
292 4166 300 4195 ,
314 4134 352 4181 tl·-
371 4132 478 4185 lirrnlil
497 4134 551 4205 pail
573 4134 669 4187 l'laalnl
692 4150 865 4211 tritinnttqm·
882 4162 895 4189 a
913 4139 941 4185 ll
953 4137 1102 4195 nulii-ater,
1116 4135 1184 4186 alan·
1199 4132 1223 4183 lr
1239 4149 1274 4183 tna
1285 4158 1297 4170 ·

224 4226 293 4267 aaut·
304 4238 331 4269 u·
347 4221 381 4269 alr
393 4220 494 4273 l'nialn·
511 4222 547 4273 ile
559 4222 760 4285 satiat-lurion,
772 4226 875 4293 elurqr
886 4226 924 4278 «ln
937 4242 1041 4279 tresue
1051 4222 1087 4276 ‹te
1100 4223 1125 4275 la
1134 4216 1295 4275 callae-‹ltali-

223 4316 251 4359 et
265 4324 312 4379 qni
327 4328 340 4359 a
357 4328 413 4379 'arn
427 4310 452 4363 le
466 4330 530 4365 aiom
544 4312 579 4366 te
592 4312 821 4375 Salat-Sinibra,
840 4315 896 4367 l'nn
911 4313 947 4367 ile
959 4332 1001 4367 nes
1014 4324 1128 4385 patrona
1137 4305 1294 4375 indigem,
