3016 5242
599 456 714 519 LlBER
735 455 893 520 SEXTUS.
1242 462 1279 517 17

219 614 283 690 que
297 593 452 662 fratrum
469 587 638 690 obsequia
660 590 822 662 hilariter
841 591 975 689 agitare
995 590 1191 688 praeelcgit.
1212 589 1280 660 Per

219 709 336 806 plures
357 709 456 779 enim
484 734 598 780 annos
624 708 722 779 ultro
750 708 875 779 solitus
898 723 951 779 est
967 709 1131 781 omnium
1149 706 1280 779 calcia-

219 841 334 897 menta
350 827 504 897 fratrum
518 851 734 924 perungere,
748 824 963 925 pedulesque
977 827 1034 922 (ι)
1049 824 1182 912 lavare,
1200 825 1282 896 alia·

219 966 283 1040 que
312 940 455 1012 servitia
481 942 578 1041 (quae
607 938 821 1040 quibusdam
852 940 1038 1014 hebetibus
1064 959 1101 1014 et
1130 940 1282 1041 turgidis

218 1057 440 1158 despicabilia
453 1059 635 1155 videntur)
647 1060 802 1133 libenter
810 1085 990 1133 exercere.
1005 1061 1159 1133 Textum
1166 1061 1283 1133 Evan·

219 1177 393 1277 geliorum
423 1202 512 1250 auro
542 1195 579 1249 et
613 1195 787 1277 argento,
820 1178 1041 1277 gemmisque
1074 1175 1281 1257 decoravit:

218 1309 249 1365 et
268 1294 374 1391 plura
400 1293 610 1366 vestimenta
622 1348 632 1382 ,
658 1318 857 1394 cappasque
874 1309 1063 1366 cautorum
1087 1311 1124 1366 et
1154 1295 1280 1392 tapetia

218 1437 294 1483 cum
319 1413 493 1499 cortinis,
524 1411 683 1512 aliosque
709 1410 830 1510 plures
858 1428 1006 1484 ornatus
1031 1411 1187 1485 ecclesiae
1210 1436 1282 1484 suae

219 1528 435 1622 procuravit.
455 1525 641 1598 Fratribus
657 1543 693 1600 et
710 1527 919 1625 parentibus
930 1529 1000 1598 suis
1013 1553 1166 1628 qnoeque
1179 1543 1284 1626 pote-

220 1659 271 1713 rat
291 1659 499 1741 opportune
522 1642 702 1741 rapiebat‚
725 1661 766 1714 et
783 1643 962 1716 subtracta
985 1643 1199 1742 corporibus
1215 1670 1284 1742 pro

219 1762 326 1833 salute
337 1763 468 1833 animae
486 1761 612 1834 divino
628 1759 739 1832 cultui
758 1759 915 1860 gaudeus
930 1759 1144 1860 applicabat.

261 1876 436 1950 Ricardus
448 1879 559 1977 igitur
570 1877 615 1949 de
631 1877 800 1950 Coluncis
813 1879 884 1974 (a),
900 1877 1040 1975 praelati
1056 1878 1202 1978 Rogerii
1217 1877 1285 1949 lra-

218 2011 282 2084 ter,
298 1995 448 2068 Uticum
460 1994 574 2085 venit,
590 2011 625 2067 et
640 1994 824 2068 ecclesiam
837 1993 881 2066 de
894 1995 1078 2070 Estolreio
1090 1997 1159 2094 (ὅ),
1174 2020 1282 2096 quam

218 2110 258 2182 ab
269 2112 427 2184 Erneiso
436 2110 593 2212 quodam
602 2109 748 2185 homine
760 2137 826 2185 suo
839 2111 1056 2202 redemerat,
1072 2115 1114 2185 B.
1128 2113 1283 2187 Ebrullo

218 2225 310 2301 dedit
317 2258 328 2316 3
348 2228 525 2302 decimam
547 2253 692 2329 quoquc
712 2228 869 2302 duorum
893 2229 1189 2303 molendinorum
1216 2229 1285 2301 ad-

215 2346 307 2442 jecit.
328 2347 467 2417 Harum
481 2347 602 2445 itaque
618 2345 1002 2436 donationemrerum,
1023 2373 1106 2419 cum
1123 2346 1283 2420 Adelaisa

216 2466 366 2563 conjuge
383 2490 443 2535 sua
461 2480 498 2536 et
515 2465 664 2562 praelato
686 2463 858 2553 Erneiso‚
883 2488 991 2563 super
1012 2464 1124 2537 altare
1150 2465 1281 2564 posuit.

216 2578 283 2653 Pro
307 2579 375 2653 bac
393 2581 622 2654 concessione
643 2579 811 2654 monachi
829 2580 1008 2655 dederunt
1031 2579 1187 2656 Ricardo
1201 2599 1284 2656 octo

217 2697 324 2771 libras
340 2723 594 2789 nummorum
615 2698 804 2772 Rodberto
821 2701 929 2772 etiam
944 2701 989 2771 de
1007 2699 1189 2773 Molbraio
1207 2700 1282 2798 (4),

217 2817 273 2914 qui
305 2817 468 2916 capitalis
494 2798 661 2888 dominus
689 2834 787 2907 erat,
814 2833 961 2889 centum
995 2815 1129 2890 solidos
1169 2815 1283 2889 dede-

218 2949 312 3016 runt,
326 2935 450 3032 etipse
469 2935 734 3021 incunctanter,
753 2936 789 3006 in
803 2933 978 3007 viridario
986 2935 1148 3007 Turstini
1163 2933 1208 3008 de
1221 2935 1284 3007 So-

220 3049 309 3150 lengi
320 3053 387 3148 (5),
400 3053 437 3123 S.
455 3051 610 3124 Ebrullo
627 3053 801 3125 concessit
813 3053 1001 3125 ecclesiam
1018 3051 1063 3124 de
1080 3052 1279 3139 Estolreio‚

248 3357 286 3428 (r)
297 3357 451 3425 Cbausscs,
465 3357 527 3424 bas,
540 3357 700 3412 chaussons.

248 3447 283 3517 la)
293 3444 419 3501 Richard
426 3488 434 3512 ,
451 3447 581 3519 seigneur
592 3447 628 3501 de
638 3447 807 3514 Conlonces,
823 3449 886 3521 pres
899 3449 977 3502 Vire.

247 3534 283 3609 (3)
308 3526 418 3592 Etouri.
441 3538 522 3592 Cette
534 3537 668 3592 donatiou
685 3547 728 3591 eat
747 3540 895 3610 rapportee
912 3537 949 3591 de
967 3537 992 3591 la
1013 3539 1136 3593 manib-e
1156 3539 1281 3594 suivantc

219 3621 278 3679 dam
290 3625 318 3680 la
329 3627 428 3682 charte
436 3626 472 3681 de
481 3627 569 3682 Heuri
584 3628 618 3683 I‘r
630 3645 666 3681 en
678 3626 773 3681 lareur
785 3627 820 3682 de
834 3616 1043 3682 Sciat-Erroult
1057 3631 1066 3698 (
1078 3648 1086 3680 ι
1096 3627 1177 3699 128)÷
1193 3628 1283 3700 Apud

220 3714 315 3771 Estoui
331 3717 368 3772 de
387 3716 469 3772 donis
490 3718 596 3773 domini
612 3718 647 3772 cle
663 3719 793 3774 coluncis
808 3720 941 3774 ecclaeias
954 3717 1027 3773 duas
1042 3718 1167 3792 eiusrlcm
1178 3721 1257 3774 villoe
1273 3745 1278 3769 .-

221 3808 315 3862 scilicel
331 3810 477 3863 ecclesiam
492 3810 520 3863 S.
534 3809 666 3878 Martini,
688 3819 716 3863 et
730 3811 759 3865 S.
783 3808 906 3883 Georgii,
922 3811 1110 3863 consentiente
1127 3822 1154 3864 et
1170 3818 1281 3881 petente

220 3891 332 3952 lloberto
345 3897 381 3952 cle
393 3900 512 3961 Corceio,
525 3909 552 3953 et
561 3909 646 3953 tntum
659 3899 794 3955 decimam
807 3898 962 3955 molendini
972 3899 1007 3953 de
1015 3899 1146 3966 Iloureio,
1158 3897 1235 3971 qrtod
1242 3897 1283 3951 acl

220 3982 353 4043 dominum
367 3989 404 4042 de
419 3991 548 4045 Coluncis
560 3993 689 4062 pertinet.

248 4081 282 4149 ll)
295 4079 403 4133 Ptobert
413 4080 448 4133 de
465 4081 605 4146 lloubrai‚
621 4093 712 4136 comte
724 4082 759 4135 de
768 4082 791 4135 N
795 4081 1038 4146 ortlmmberlaud,
1050 4098 1135 4134 ncreu
1148 4080 1182 4133 de
1191 4080 1274 4132 Geol-

221 4164 261 4220 lroi
274 4169 378 4242 cveqne
392 4169 427 4223 de
440 4171 610 4224 Contauces.

250 4259 284 4328 (5)
294 4257 441 4329 Soulangi‚
458 4262 520 4332 prls
534 4259 643 4328 tatano.

284 4377 336 4423 tn.
1111 4377 1129 4416 2
