3016 5242
374 428 436 486 526
651 427 837 487 Htsrotttt
860 426 1170 488 ECCLESIASTlCA.
1186 430 1349 508 [samaa.
1364 430 1449 507 1098]

374 558 604 657 praemuniti,
624 575 910 658 processerunte
926 562 1071 648 castris,
1090 586 1174 633 cum
1186 560 1316 633 multis
1329 563 1450 633 utrius

374 702 446 776 que
471 692 623 749 catervae
646 677 826 751 lamentis.
847 677 976 750 Neutri
996 674 1230 752 confidebant
1249 674 1299 752 de
1316 702 1372 768 se,
1389 703 1451 753 uec

375 792 559 879 sacerdos,
581 820 647 866 nec
672 795 818 883 mulier,
839 819 906 867 nec
930 794 1138 893 popularis,
1157 818 1228 867 nee
1244 795 1366 867 miles.
1384 794 1452 867 Nec

377 911 434 981 isti
452 936 518 983 nec
537 910 589 982 illi
606 910 800 1009 sperabant
819 936 856 984 se
877 910 921 984 de
938 927 1073 986 caetero
1093 936 1196 1011 posse
1216 912 1292 984 frui
1315 928 1453 1011 aspectu

376 1030 517 1101 mutuo.
544 1029 590 1100 Hi
614 1045 651 1102 et
676 1029 727 1101 illi
747 1027 973 1129 proruebant
997 1031 1034 1102 in
1062 1055 1233 1104 carorum
1257 1031 1405 1119 oscula,
1421 1046 1454 1104 et

375 1170 501 1218 omnes
527 1147 564 1217 in
594 1146 767 1243 lacrymas
791 1146 994 1219 ciebantur.
1013 1147 1149 1221 Milites
1172 1145 1350 1246 hospitati
1377 1163 1454 1221 surrt

377 1261 472 1334 inter
496 1261 665 1350 lluvium,
686 1264 748 1362 qui
767 1264 919 1363 antiquo
944 1264 1094 1336 nomine
1116 1263 1291 1362 Daphnes
1314 1280 1454 1338 vocatus

374 1381 454 1476 est(
464 1385 510 1477 i),
526 1379 588 1479 qui
604 1381 808 1477 praeterluit
820 1381 1054 1456 Antiochiam
1063 1397 1102 1455 et
1110 1381 1241 1457 lacum.
1257 1381 1455 1455 Audieram

375 1495 554 1597 siquidem
580 1497 719 1570 Turcos
738 1498 775 1569 in
802 1499 950 1585 castello
972 1497 1091 1572 Arech
1109 1500 1347 1588 convenisse,
1366 1498 1453 1573 ultra

376 1612 530 1685 Pontem
559 1614 748 1687 Ferreum.
774 1615 927 1714 lmpigri
952 1614 1247 1721 Christianorum
1267 1617 1454 1714 optimates

376 1746 460 1803 ante
494 1731 665 1803 lucanum
691 1747 960 1820 convenerunt,
989 1749 1028 1804 et
1057 1757 1190 1805 aurora
1215 1734 1342 1833 prima
1374 1734 1453 1807 illu-

376 1866 550 1936 cescente,
568 1875 702 1949 gnaros
718 1850 967 1949 exploratores
981 1849 1253 1948 praemiseruot.
1275 1850 1352 1945 Qui
1366 1852 1451 1925 cele-

377 1966 467 2038 riter
481 1982 720 2055 revertentes,
738 1969 877 2041 'furcos
890 1966 1028 2056 adesse,
1043 1983 1081 2039 et
1088 1965 1177 2039 duas
1189 1969 1363 2067 copiosas
1373 1970 1453 2043 acies

376 2085 641 2181 praestruxisse,
671 2087 973 2159 acclamaverunt.
994 2084 1172 2159 Viderant
1188 2087 1295 2160 enim
1314 2112 1452 2175 eos,e1

375 2202 487 2275 altera
507 2202 668 2276 lluminis
685 2205 765 2303 ripa
781 2204 1033 2278 accelerantes.
1048 2204 1153 2277 Tunc
1164 2203 1453 2281 Christianorum

376 2345 545 2419 proceres
562 2322 675 2395 locuti
695 2338 781 2395 sunt
793 2320 839 2394 de
862 2320 961 2394 bello
976 2318 1202 2408 ordinando,
1218 2337 1259 2397 et
1271 2326 1453 2425 negotiu

378 2437 468 2511 illud
491 2440 752 2512 commiserunt
772 2436 1000 2511 Buamundo.
1020 2436 1324 2513 Ordinatae-sunt
1348 2441 1454 2543 itaque

377 2580 438 2627 sex
466 2556 570 2655 acies.
596 2556 765 2656 Quinque
794 2582 839 2629 ex
863 2555 935 2629 illis
959 2571 1235 2655 processerunt,
1262 2583 1355 2659 quoe
1380 2558 1453 2633 belli

378 2673 519 2771 pondus
537 2676 773 2763 sustinerent,
793 2690 829 2747 et
848 2673 1036 2746 inimicum
1053 2696 1184 2774 agmen
1196 2674 1454 2751 effioecioerts·

377 2788 505 2862 riendo
529 2789 761 2887 repellerent.
790 2786 1022 2862 Boamundus
1044 2814 1128 2861 cum
1144 2788 1224 2863 acie
1242 2816 1310 2865 sua
1329 2810 1454 2893 postre-

377 2930 457 2978 mus
484 2892 673 3003 paulatim
695 2904 943 3004 gradiebatur,
970 2903 1141 2979 omnibus
1170 2907 1398 3004 provisurus
1425 2922 1454 2981 et

376 3021 639 3111 subventurus,
657 3038 706 3110 et,
726 3024 755 3094 si
772 3024 882 3096 Turci
901 3023 1141 3121 prevalerent
1166 3023 1385 3121 prioribus,
1404 3042 1454 3099 to-

376 3153 453 3209 tam
474 3136 562 3209 belli
580 3138 829 3237 ingruentiam
846 3155 1073 3238 excepturus.
1099 3138 1197 3211 Litai
1218 3139 1452 3243 clangebant,

377 3253 541 3329 buccinae
555 3255 768 3331 reboabant.
784 3257 981 3356 Utriusque
990 3255 1453 3337 multitudinisclamorar·

375 3370 557 3461 (liebatur,
577 3390 614 3445 et
639 3374 857 3447 acerrimum
878 3388 1059 3447 certamen
1076 3372 1255 3473 utrinque
1271 3376 1450 3477 agebatur.

377 3489 549 3562 Cominus
588 3508 752 3590 utraeque
788 3489 967 3564 instabant
998 3491 1174 3590 legiones.
1212 3492 1301 3566 Jam
1342 3494 1452 3593 clypeo

377 3608 541 3706 clypeus,
556 3610 632 3707 jam
649 3608 808 3681 umbone
826 3607 939 3681 umbo
956 3604 1219 3706 repellebatur,
1239 3611 1452 3685 ernostus
1496 3674 1498 3681 .

378 3725 422 3795 tis
441 3723 548 3825 hastis
566 3749 666 3798 enses
684 3724 961 3798 mutilabantur.
981 3724 1236 3825 Supervenere
1252 3727 1451 3805 Turonium

411 3949 451 4018 (ι)
472 3946 607 4020 Daphne,
629 3949 809 4019 aujourd’lrui
830 3949 951 4018 Βουιιι,
971 3959 1012 4003 est
1032 3950 1048 4003 a
1067 3947 1143 4003 deux
1161 3947 1273 4007 heure·
1294 3950 1334 4009 de
1352 3948 1451 4009 Μὰ

377 4036 560 4104 d’Antiocbe;
582 4040 598 4093 a
615 4036 715 4095 l'ouest
733 4038 769 4095 de
785 4048 859 4096 cette
874 4039 938 4095 ville
953 4049 984 4095 et
998 4041 1014 4094 a
1029 4039 1137 4112 gauche
1152 4037 1191 4095 de
1207 4040 1362 4113 l’Oronte,
1378 4038 1450 4099 ml!

378 4125 492 4180 chemin
511 4126 547 4182 de
566 4128 720 4201 Lattaqnie'.
741 4129 791 4184 Les
808 4147 879 4184 eaur
896 4128 932 4184 de
949 4146 992 4184 ses
1010 4128 1149 4184 fontaines
1165 4141 1239 4187 cont
1254 4148 1290 4189 ae
1304 4132 1381 4205 jeta
1395 4130 1450 4187 du

377 4214 518 4270 l’Oronte.
