<?xml version="1.0" encoding="UTF-8"?>
<!DOCTYPE html PUBLIC "-//W3C//DTD XHTML 1.0 Transitional//EN"
    "http://www.w3.org/TR/xhtml1/DTD/xhtml1-transitional.dtd">
<html xmlns="http://www.w3.org/1999/xhtml" xml:lang="en" lang="en">
 <head>
  <title>
</title>
<meta http-equiv="Content-Type" content="text/html;charset=utf-8" />
  <meta name='ocr-system' content='tesseract 3.04.00' />
  <meta name='ocr-capabilities' content='ocr_page ocr_carea ocr_par ocr_line ocrx_word'/>
</head>
<body>
  <div class='ocr_page' id='page_1' title='image "./ordericivitalis00deligoog/ordericivitalis00deligoog_0364.png"; bbox 0 0 3046 5244; ppageno 0'>
   <div class='ocr_carea' id='block_1_1' title="bbox 58 422 1137 509">
    <p class='ocr_par' dir='ltr' id='par_1_1' title="bbox 58 422 1137 509">
     <span class='ocr_line' id='line_1_1' title="bbox 58 422 1137 509; baseline 0.001 -21"><span class='ocrx_word' id='word_1_1' title='bbox 58 428 169 509; x_wconf 76' lang='lat' dir='ltr'><em>[roso]</em></span> <span class='ocrx_word' id='word_1_2' title='bbox 434 422 761 487; x_wconf 75' lang='lat' dir='ltr'><em>etnunocrivus.</em></span> <span class='ocrx_word' id='word_1_3' title='bbox 1074 424 1137 489; x_wconf 81' lang='lat' dir='ltr'><em>ur</em></span> 
     </span>
    </p>
   </div>
   <div class='ocr_carea' id='block_1_2' title="bbox 58 552 1148 3717">
    <p class='ocr_par' dir='ltr' id='par_1_2' title="bbox 58 552 1141 1597">
     <span class='ocr_line' id='line_1_2' title="bbox 58 552 1137 655; baseline -0.005 -21"><span class='ocrx_word' id='word_1_4' title='bbox 58 560 241 634; x_wconf 90' lang='lat' dir='ltr'><em>somnium</em></span> <span class='ocrx_word' id='word_1_5' title='bbox 256 580 368 655; x_wconf 80' lang='lat' dir='ltr'><em>grave</em></span> <span class='ocrx_word' id='word_1_6' title='bbox 386 572 440 628; x_wconf 89' lang='lat' dir='ltr'><em>est</em></span> <span class='ocrx_word' id='word_1_7' title='bbox 452 581 500 629; x_wconf 91' lang='lat' dir='ltr'><em>ac</em></span> <span class='ocrx_word' id='word_1_8' title='bbox 516 553 691 646; x_wconf 85' lang='lat' dir='ltr'><em>terribile,</em></span> <span class='ocrx_word' id='word_1_9' title='bbox 706 569 742 627; x_wconf 86' lang='lat' dir='ltr'><em>et</em></span> <span class='ocrx_word' id='word_1_10' title='bbox 756 552 908 628; x_wconf 83' lang='lat' dir='ltr'><em>uidetur</em></span> <span class='ocrx_word' id='word_1_11' title='bbox 919 552 1137 629; x_wconf 76' lang='lat' dir='ltr'><em>demendum</em></span> 
     </span>
     <span class='ocr_line' id='line_1_3' title="bbox 59 669 1139 777; baseline 0 -28"><span class='ocrx_word' id='word_1_12' title='bbox 59 678 135 751; x_wconf 85' lang='lat' dir='ltr'><em>Dei</em></span> <span class='ocrx_word' id='word_1_13' title='bbox 140 675 331 777; x_wconf 89' lang='lat' dir='ltr'><em>judicium</em></span> <span class='ocrx_word' id='word_1_14' title='bbox 342 672 407 745; x_wconf 87' lang='lat' dir='ltr'><em>tibi</em></span> <span class='ocrx_word' id='word_1_15' title='bbox 412 672 642 775; x_wconf 83' lang='lat' dir='ltr'><em>portendere.</em></span> <span class='ocrx_word' id='word_1_16' title='bbox 656 669 852 747; x_wconf 80' lang='lat' dir='ltr'><em>Bnlduinus</em></span> <span class='ocrx_word' id='word_1_17' title='bbox 863 688 998 763; x_wconf 81' lang='lat' dir='ltr'><em>autem,</em></span> <span class='ocrx_word' id='word_1_18' title='bbox 1008 672 1139 749; x_wconf 71' lang='lat' dir='ltr'><em>Eusta-</em></span> 
     </span>
     <span class='ocr_line' id='line_1_4' title="bbox 59 787 1139 894; baseline 0.001 -28"><span class='ocrx_word' id='word_1_19' title='bbox 59 792 131 867; x_wconf 85' lang='lat' dir='ltr'>chii</span> <span class='ocrx_word' id='word_1_20' title='bbox 145 791 308 866; x_wconf 81' lang='lat' dir='ltr'><em>Boloniae</em></span> <span class='ocrx_word' id='word_1_21' title='bbox 322 789 464 863; x_wconf 81' lang='lat' dir='ltr'><em>comitis</em></span> <span class='ocrx_word' id='word_1_22' title='bbox 480 787 661 889; x_wconf 83' lang='lat' dir='ltr'><em>filius(1),</em></span> <span class='ocrx_word' id='word_1_23' title='bbox 675 789 769 865; x_wconf 83' lang='lat' dir='ltr'>dixit</span> <span class='ocrx_word' id='word_1_24' title='bbox 784 821 794 862; x_wconf 77' lang='lat' dir='ltr'><strong><em>z</em></strong></span> <span class='ocrx_word' id='word_1_25' title='bbox 812 792 865 864; x_wconf 85' lang='lat' dir='ltr'><em>Et</em></span> <span class='ocrx_word' id='word_1_26' title='bbox 880 816 948 891; x_wconf 76' lang='lat' dir='ltr'><em>ego</em></span> <span class='ocrx_word' id='word_1_27' title='bbox 963 817 1083 894; x_wconf 87' lang='lat' dir='ltr'><em>nuper</em></span> <span class='ocrx_word' id='word_1_28' title='bbox 1098 793 1139 867; x_wconf 87' lang='lat' dir='ltr'><em>in</em></span> 
     </span>
     <span class='ocr_line' id='line_1_5' title="bbox 59 907 1137 1006; baseline 0.003 -23"><span class='ocrx_word' id='word_1_29' title='bbox 59 913 199 985; x_wconf 79' lang='lat' dir='ltr'><em>sonuris</em></span> <span class='ocrx_word' id='word_1_30' title='bbox 215 907 392 982; x_wconf 80' lang='lat' dir='ltr'><em>videbam</em></span> <span class='ocrx_word' id='word_1_31' title='bbox 410 912 608 982; x_wconf 86' lang='lat' dir='ltr'><em>Dominum</em></span> <span class='ocrx_word' id='word_1_32' title='bbox 623 909 751 982; x_wconf 81' lang='lat' dir='ltr'><em>lesum</em></span> <span class='ocrx_word' id='word_1_33' title='bbox 758 965 772 1000; x_wconf 94' lang='lat'><em>,</em></span> <span class='ocrx_word' id='word_1_34' title='bbox 793 913 832 980; x_wconf 89' lang='lat' dir='ltr'><em>in</em></span> <span class='ocrx_word' id='word_1_35' title='bbox 854 934 963 983; x_wconf 87' lang='lat' dir='ltr'><em>cruce</em></span> <span class='ocrx_word' id='word_1_36' title='bbox 969 908 1137 1006; x_wconf 87' lang='lat' dir='ltr'><em>penden-</em></span> 
     </span>
     <span class='ocr_line' id='line_1_6' title="bbox 61 1023 1139 1127; baseline -0.001 -28"><span class='ocrx_word' id='word_1_37' title='bbox 61 1044 146 1118; x_wconf 90' lang='lat' dir='ltr'><em>tem,</em></span> <span class='ocrx_word' id='word_1_38' title='bbox 161 1025 230 1099; x_wconf 86' lang='lat' dir='ltr'><em>sed</em></span> <span class='ocrx_word' id='word_1_39' title='bbox 239 1024 381 1099; x_wconf 87' lang='lat' dir='ltr'><em>clarum</em></span> <span class='ocrx_word' id='word_1_40' title='bbox 394 1043 429 1096; x_wconf 89' lang='lat' dir='ltr'><em>et</em></span> <span class='ocrx_word' id='word_1_41' title='bbox 435 1024 649 1127; x_wconf 72' lang='lat' dir='ltr'><em>pulcbrm,</em></span> <span class='ocrx_word' id='word_1_42' title='bbox 667 1052 715 1098; x_wconf 91' lang='lat' dir='ltr'><em>ac</em></span> <span class='ocrx_word' id='word_1_43' title='bbox 726 1023 821 1096; x_wconf 87' lang='lat' dir='ltr'><em>milu&#39;</em></span> <span class='ocrx_word' id='word_1_44' title='bbox 832 1024 1008 1097; x_wconf 86' lang='lat' dir='ltr'><em>alacriter</em></span> <span class='ocrx_word' id='word_1_45' title='bbox 1018 1025 1139 1098; x_wconf 84' lang='lat' dir='ltr'><em>riden-</em></span> 
     </span>
     <span class='ocr_line' id='line_1_7' title="bbox 61 1141 1140 1243; baseline -0.001 -26"><span class='ocrx_word' id='word_1_46' title='bbox 61 1163 152 1231; x_wconf 87' lang='lat' dir='ltr'><em>tem,</em></span> <span class='ocrx_word' id='word_1_47' title='bbox 173 1144 404 1243; x_wconf 68' lang='lat' dir='ltr'><em>dexteraque</em></span> <span class='ocrx_word' id='word_1_48' title='bbox 428 1169 499 1215; x_wconf 90' lang='lat' dir='ltr'><em>sua</em></span> <span class='ocrx_word' id='word_1_49' title='bbox 524 1168 580 1214; x_wconf 91' lang='lat' dir='ltr'><em>me</em></span> <span class='ocrx_word' id='word_1_50' title='bbox 608 1141 896 1229; x_wconf 79' lang='lat' dir='ltr'><em>benedicentem,</em></span> <span class='ocrx_word' id='word_1_51' title='bbox 920 1141 1140 1243; x_wconf 77' lang='lat' dir='ltr'><em>signumque</em></span> 
     </span>
     <span class='ocr_line' id='line_1_8' title="bbox 62 1256 1141 1362; baseline -0.003 -26"><span class='ocrx_word' id='word_1_52' title='bbox 62 1265 179 1336; x_wconf 83' lang='lat' dir='ltr'><em>crucis</em></span> <span class='ocrx_word' id='word_1_53' title='bbox 195 1288 307 1362; x_wconf 87' lang='lat' dir='ltr'><em>super</em></span> <span class='ocrx_word' id='word_1_54' title='bbox 322 1279 434 1362; x_wconf 89' lang='lat' dir='ltr'><em>caput</em></span> <span class='ocrx_word' id='word_1_55' title='bbox 444 1286 565 1333; x_wconf 91' lang='lat' dir='ltr'><em>meum</em></span> <span class='ocrx_word' id='word_1_56' title='bbox 577 1259 780 1358; x_wconf 82' lang='lat' dir='ltr'><em>benigniter</em></span> <span class='ocrx_word' id='word_1_57' title='bbox 775 1256 997 1358; x_wconf 75' lang='lat' dir='ltr'><em>facientem.</em></span> <span class='ocrx_word' id='word_1_58' title='bbox 1011 1258 1141 1333; x_wconf 70' lang='lat' dir='ltr'><em>Astan-</em></span> 
     </span>
     <span class='ocr_line' id='line_1_9' title="bbox 64 1376 1139 1478; baseline 0.002 -27"><span class='ocrx_word' id='word_1_59' title='bbox 64 1395 115 1454; x_wconf 90' lang='lat' dir='ltr'><em>tes</em></span> <span class='ocrx_word' id='word_1_60' title='bbox 130 1404 218 1453; x_wconf 76' lang='lat' dir='ltr'><em>vero</em></span> <span class='ocrx_word' id='word_1_61' title='bbox 235 1377 526 1478; x_wconf 86' lang='lat' dir='ltr'><em>responderunt:</em></span> <span class='ocrx_word' id='word_1_62' title='bbox 551 1378 642 1451; x_wconf 84' lang='lat' dir='ltr'><em>Tali</em></span> <span class='ocrx_word' id='word_1_63' title='bbox 657 1380 863 1452; x_wconf 74' lang='lat' dir='ltr'><em>ostensione</em></span> <span class='ocrx_word' id='word_1_64' title='bbox 879 1376 1040 1451; x_wconf 79' lang='lat' dir='ltr'><em>dulcedo</em></span> <span class='ocrx_word' id='word_1_65' title='bbox 1052 1404 1139 1453; x_wconf 91' lang='lat' dir='ltr'><em>ma·</em></span> 
     </span>
     <span class='ocr_line' id='line_1_10' title="bbox 61 1493 713 1597; baseline 0 -28"><span class='ocrx_word' id='word_1_66' title='bbox 61 1523 150 1597; x_wconf 75' lang='lat' dir='ltr'><em>gna·</em></span> <span class='ocrx_word' id='word_1_67' title='bbox 162 1500 298 1597; x_wconf 71' lang='lat' dir='ltr'><em>gratiis</em></span> <span class='ocrx_word' id='word_1_68' title='bbox 316 1496 463 1569; x_wconf 85' lang='lat' dir='ltr'><em>videtur</em></span> <span class='ocrx_word' id='word_1_69' title='bbox 477 1493 713 1595; x_wconf 78' lang='lat' dir='ltr'><em>tibisulgere.</em></span> 
     </span>
    </p>

    <p class='ocr_par' dir='ltr' id='par_1_3' title="bbox 64 1610 1146 3008">
     <span class='ocr_line' id='line_1_11' title="bbox 113 1610 1137 1715; baseline 0.003 -29"><span class='ocrx_word' id='word_1_70' title='bbox 113 1615 177 1687; x_wconf 85' lang='lat' dir='ltr'><em>His</em></span> <span class='ocrx_word' id='word_1_71' title='bbox 198 1612 348 1702; x_wconf 82' lang='lat' dir='ltr'><em>auditis,</em></span> <span class='ocrx_word' id='word_1_72' title='bbox 368 1613 543 1715; x_wconf 80' lang='lat' dir='ltr'><em>Rogerius</em></span> <span class='ocrx_word' id='word_1_73' title='bbox 564 1610 769 1689; x_wconf 80' lang='lat' dir='ltr'><em>adolescens</em></span> <span class='ocrx_word' id='word_1_74' title='bbox 790 1616 899 1690; x_wconf 70' lang='lat' dir='ltr'><em>matri</em></span> <span class='ocrx_word' id='word_1_75' title='bbox 921 1642 995 1691; x_wconf 80' lang='lat' dir='ltr'><em>suae</em></span> <span class='ocrx_word' id='word_1_76' title='bbox 1014 1614 1108 1693; x_wconf 84' lang='lat' dir='ltr'><em>dixit</em></span> <span class='ocrx_word' id='word_1_77' title='bbox 1126 1645 1137 1689; x_wconf 73' lang='lat' dir='ltr'>z</span> 
     </span>
     <span class='ocr_line' id='line_1_12' title="bbox 65 1730 1140 1835; baseline -0.001 -30"><span class='ocrx_word' id='word_1_78' title='bbox 65 1732 166 1806; x_wconf 81' lang='lat' dir='ltr'><em>Noui</em></span> <span class='ocrx_word' id='word_1_79' title='bbox 182 1730 384 1818; x_wconf 79' lang='lat' dir='ltr'><em>bominem,</em></span> <span class='ocrx_word' id='word_1_80' title='bbox 403 1757 471 1804; x_wconf 91' lang='lat' dir='ltr'><em>nec</em></span> <span class='ocrx_word' id='word_1_81' title='bbox 492 1730 685 1831; x_wconf 80' lang='lat' dir='ltr'><em>longeest,</em></span> <span class='ocrx_word' id='word_1_82' title='bbox 702 1734 771 1831; x_wconf 90' lang='lat' dir='ltr'><em>qui</em></span> <span class='ocrx_word' id='word_1_83' title='bbox 785 1732 922 1807; x_wconf 83' lang='lat' dir='ltr'><em>similia</em></span> <span class='ocrx_word' id='word_1_84' title='bbox 932 1759 1006 1835; x_wconf 85' lang='lat' dir='ltr'><em>per</em></span> <span class='ocrx_word' id='word_1_85' title='bbox 1017 1733 1140 1806; x_wconf 89' lang='lat' dir='ltr'><em>visum</em></span> 
     </span>
     <span class='ocr_line' id='line_1_13' title="bbox 66 1848 1142 1952; baseline 0.002 -29"><span class='ocrx_word' id='word_1_86' title='bbox 66 1849 334 1950; x_wconf 76' lang='lat' dir='ltr'><em>contemplatus</em></span> <span class='ocrx_word' id='word_1_87' title='bbox 346 1865 410 1923; x_wconf 82' lang='lat' dir='ltr'><em>est.</em></span> <span class='ocrx_word' id='word_1_88' title='bbox 427 1848 591 1949; x_wconf 86' lang='lat' dir='ltr'><em>Cumque</em></span> <span class='ocrx_word' id='word_1_89' title='bbox 603 1854 720 1922; x_wconf 80' lang='lat' dir='ltr'><em>mitet·</em></span> <span class='ocrx_word' id='word_1_90' title='bbox 732 1850 924 1941; x_wconf 84' lang='lat' dir='ltr'><em>insisteret,</em></span> <span class='ocrx_word' id='word_1_91' title='bbox 938 1866 976 1924; x_wconf 91' lang='lat' dir='ltr'><em>et</em></span> <span class='ocrx_word' id='word_1_92' title='bbox 988 1850 1142 1952; x_wconf 82' lang='lat' dir='ltr'><em>diligen·</em></span> 
     </span>
     <span class='ocr_line' id='line_1_14' title="bbox 68 1965 1142 2068; baseline 0.001 -28"><span class='ocrx_word' id='word_1_93' title='bbox 68 1985 123 2043; x_wconf 88' lang='lat' dir='ltr'><em>ter</em></span> <span class='ocrx_word' id='word_1_94' title='bbox 145 1968 345 2068; x_wconf 85' lang='lat' dir='ltr'><em>inquireret</em></span> <span class='ocrx_word' id='word_1_95' title='bbox 368 1968 448 2067; x_wconf 89' lang='lat' dir='ltr'><em>quis</em></span> <span class='ocrx_word' id='word_1_96' title='bbox 471 1982 531 2039; x_wconf 81' lang='lat' dir='ltr'><em>sut</em></span> <span class='ocrx_word' id='word_1_97' title='bbox 550 1992 632 2067; x_wconf 86' lang='lat' dir='ltr'><em>quae</em></span> <span class='ocrx_word' id='word_1_98' title='bbox 647 1965 811 2057; x_wconf 79' lang='lat' dir='ltr'><em>vidisset,</em></span> <span class='ocrx_word' id='word_1_99' title='bbox 833 1966 1038 2043; x_wconf 79' lang='lat' dir='ltr'><em>adolescens</em></span> <span class='ocrx_word' id='word_1_100' title='bbox 1060 1993 1142 2042; x_wconf 90' lang='lat' dir='ltr'><em>ern·</em></span> 
     </span>
     <span class='ocr_line' id='line_1_15' title="bbox 65 2083 1142 2185; baseline 0 -28"><span class='ocrx_word' id='word_1_101' title='bbox 65 2083 164 2171; x_wconf 86' lang='lat' dir='ltr'><em>buit,</em></span> <span class='ocrx_word' id='word_1_102' title='bbox 180 2101 214 2156; x_wconf 88' lang='lat' dir='ltr'><em>et</em></span> <span class='ocrx_word' id='word_1_103' title='bbox 229 2085 412 2158; x_wconf 78' lang='lat' dir='ltr'><em>manifeste</em></span> <span class='ocrx_word' id='word_1_104' title='bbox 427 2110 506 2157; x_wconf 91' lang='lat' dir='ltr'><em>rem</em></span> <span class='ocrx_word' id='word_1_105' title='bbox 520 2083 705 2183; x_wconf 78' lang='lat' dir='ltr'><em>publicare</em></span> <span class='ocrx_word' id='word_1_106' title='bbox 718 2084 852 2159; x_wconf 88' lang='lat' dir='ltr'><em>noluit.</em></span> <span class='ocrx_word' id='word_1_107' title='bbox 871 2083 1067 2160; x_wconf 81' lang='lat' dir='ltr'><em>Tandemu</em></span> <span class='ocrx_word' id='word_1_108' title='bbox 1081 2108 1142 2185; x_wconf 79' lang='lat' dir='ltr'><em>ge·</em></span> 
     </span>
     <span class='ocr_line' id='line_1_16' title="bbox 65 2200 1143 2304; baseline 0 -27"><span class='ocrx_word' id='word_1_109' title='bbox 65 2204 196 2278; x_wconf 81' lang='lat' dir='ltr'><em>uitrico</em></span> <span class='ocrx_word' id='word_1_110' title='bbox 212 2220 248 2276; x_wconf 88' lang='lat' dir='ltr'><em>et</em></span> <span class='ocrx_word' id='word_1_111' title='bbox 261 2200 498 2303; x_wconf 69' lang='lat' dir='ltr'><em>presentibus</em></span> <span class='ocrx_word' id='word_1_112' title='bbox 510 2203 635 2276; x_wconf 81' lang='lat' dir='ltr'><em>amieis</em></span> <span class='ocrx_word' id='word_1_113' title='bbox 646 2203 803 2277; x_wconf 88' lang='lat' dir='ltr'><em>multum</em></span> <span class='ocrx_word' id='word_1_114' title='bbox 818 2220 979 2304; x_wconf 78' lang='lat' dir='ltr'><em>rogatus,</em></span> <span class='ocrx_word' id='word_1_115' title='bbox 993 2228 1143 2303; x_wconf 88' lang='lat' dir='ltr'><em>respon·</em></span> 
     </span>
     <span class='ocr_line' id='line_1_17' title="bbox 65 2320 1142 2424; baseline 0.002 -31"><span class='ocrx_word' id='word_1_116' title='bbox 65 2320 145 2395; x_wconf 89' lang='lat' dir='ltr'><em>dit:</em></span> <span class='ocrx_word' id='word_1_117' title='bbox 168 2322 335 2420; x_wconf 79' lang='lat' dir='ltr'><em>Quidam</em></span> <span class='ocrx_word' id='word_1_118' title='bbox 359 2329 397 2393; x_wconf 87' lang='lat' dir='ltr'><em>in</em></span> <span class='ocrx_word' id='word_1_119' title='bbox 424 2324 561 2395; x_wconf 82' lang='lat' dir='ltr'><em>visione</em></span> <span class='ocrx_word' id='word_1_120' title='bbox 584 2347 655 2395; x_wconf 88' lang='lat' dir='ltr'><em>sua</em></span> <span class='ocrx_word' id='word_1_121' title='bbox 681 2348 799 2424; x_wconf 84' lang='lat' dir='ltr'><em>nuper</em></span> <span class='ocrx_word' id='word_1_122' title='bbox 819 2323 914 2396; x_wconf 83' lang='lat' dir='ltr'><em>uidit</em></span> <span class='ocrx_word' id='word_1_123' title='bbox 942 2324 1142 2397; x_wconf 87' lang='lat' dir='ltr'><em>Dominum</em></span> 
     </span>
     <span class='ocr_line' id='line_1_18' title="bbox 64 2439 1146 2539; baseline -0.001 -27"><span class='ocrx_word' id='word_1_124' title='bbox 64 2439 210 2528; x_wconf 82' lang='lat' dir='ltr'><em>Jesrnn,</em></span> <span class='ocrx_word' id='word_1_125' title='bbox 231 2442 346 2539; x_wconf 87' lang='lat' dir='ltr'><em>capiti</em></span> <span class='ocrx_word' id='word_1_126' title='bbox 361 2466 429 2511; x_wconf 89' lang='lat' dir='ltr'><em>suo</em></span> <span class='ocrx_word' id='word_1_127' title='bbox 439 2464 598 2522; x_wconf 75' lang='lat' dir='ltr'><em>morisim</em></span> <span class='ocrx_word' id='word_1_128' title='bbox 615 2443 880 2539; x_wconf 88' lang='lat' dir='ltr'><em>imponentem,</em></span> <span class='ocrx_word' id='word_1_129' title='bbox 902 2456 937 2512; x_wconf 94' lang='lat' dir='ltr'><em>et</em></span> <span class='ocrx_word' id='word_1_130' title='bbox 951 2439 1146 2513; x_wconf 85' lang='lat' dir='ltr'><em>clementer</em></span> 
     </span>
     <span class='ocr_line' id='line_1_19' title="bbox 66 2555 1145 2658; baseline 0.002 -29"><span class='ocrx_word' id='word_1_131' title='bbox 66 2556 353 2647; x_wconf 77' lang='lat' dir='ltr'><em>benedicentem,</em></span> <span class='ocrx_word' id='word_1_132' title='bbox 384 2556 510 2658; x_wconf 84' lang='lat' dir='ltr'><em>bisque</em></span> <span class='ocrx_word' id='word_1_133' title='bbox 539 2555 658 2630; x_wconf 86' lang='lat' dir='ltr'><em>uerbis</em></span> <span class='ocrx_word' id='word_1_134' title='bbox 682 2582 764 2629; x_wconf 88' lang='lat' dir='ltr'><em>eum</em></span> <span class='ocrx_word' id='word_1_135' title='bbox 792 2573 980 2630; x_wconf 82' lang='lat' dir='ltr'><em>uocantem</em></span> <span class='ocrx_word' id='word_1_136' title='bbox 1005 2585 1015 2629; x_wconf 90' lang='grc'><em>.·</em></span> <span class='ocrx_word' id='word_1_137' title='bbox 1044 2559 1145 2631; x_wconf 87' lang='lat' dir='ltr'><em>Veni</em></span> 
     </span>
     <span class='ocr_line' id='line_1_20' title="bbox 66 2671 1139 2776; baseline 0.002 -29"><span class='ocrx_word' id='word_1_138' title='bbox 66 2675 158 2763; x_wconf 88' lang='lat' dir='ltr'><em>cito,</em></span> <span class='ocrx_word' id='word_1_139' title='bbox 176 2671 308 2745; x_wconf 86' lang='lat' dir='ltr'><em>dilecte</em></span> <span class='ocrx_word' id='word_1_140' title='bbox 318 2699 418 2746; x_wconf 87' lang='lat' dir='ltr'><em>mens</em></span> <span class='ocrx_word' id='word_1_141' title='bbox 426 2731 438 2764; x_wconf 94' lang='lat'><em>,</em></span> <span class='ocrx_word' id='word_1_142' title='bbox 457 2673 513 2746; x_wconf 87' lang='lat' dir='ltr'><em>ad</em></span> <span class='ocrx_word' id='word_1_143' title='bbox 526 2699 604 2760; x_wconf 69' lang='lat' dir='ltr'><em>me,</em></span> <span class='ocrx_word' id='word_1_144' title='bbox 625 2691 660 2746; x_wconf 92' lang='lat' dir='ltr'><em>et</em></span> <span class='ocrx_word' id='word_1_145' title='bbox 672 2673 772 2747; x_wconf 85' lang='lat' dir='ltr'><em>dabo</em></span> <span class='ocrx_word' id='word_1_146' title='bbox 787 2673 852 2748; x_wconf 88' lang='lat' dir='ltr'><em>tibi</em></span> <span class='ocrx_word' id='word_1_147' title='bbox 864 2675 1013 2776; x_wconf 78' lang='lat' dir='ltr'><em>gaudia</em></span> <span class='ocrx_word' id='word_1_148' title='bbox 1036 2677 1139 2750; x_wconf 75' lang='lat' dir='ltr'><em>nitor.</em></span> 
     </span>
     <span class='ocr_line' id='line_1_21' title="bbox 65 2788 1142 2888; baseline 0.003 -26"><span class='ocrx_word' id='word_1_149' title='bbox 65 2789 260 2862; x_wconf 84' lang='lat' dir='ltr'><em>Audacter</em></span> <span class='ocrx_word' id='word_1_150' title='bbox 281 2791 396 2888; x_wconf 84' lang='lat' dir='ltr'><em>igitur</em></span> <span class='ocrx_word' id='word_1_151' title='bbox 409 2816 491 2863; x_wconf 89' lang='lat' dir='ltr'><em>eum</em></span> <span class='ocrx_word' id='word_1_152' title='bbox 516 2793 554 2862; x_wconf 91' lang='lat' dir='ltr'><em>in</em></span> <span class='ocrx_word' id='word_1_153' title='bbox 579 2788 653 2863; x_wconf 83' lang='lat' dir='ltr'><em>ltac</em></span> <span class='ocrx_word' id='word_1_154' title='bbox 669 2792 750 2864; x_wconf 85' lang='lat' dir='ltr'><em>uita</em></span> <span class='ocrx_word' id='word_1_155' title='bbox 774 2816 850 2865; x_wconf 87' lang='lat' dir='ltr'><em>non</em></span> <span class='ocrx_word' id='word_1_156' title='bbox 876 2791 945 2863; x_wconf 89' lang='lat' dir='ltr'><em>din</em></span> <span class='ocrx_word' id='word_1_157' title='bbox 959 2793 1142 2865; x_wconf 78' lang='lat' dir='ltr'><em>uicturum</em></span> 
     </span>
     <span class='ocr_line' id='line_1_22' title="bbox 67 2906 1025 3008; baseline 0.003 -31"><span class='ocrx_word' id='word_1_158' title='bbox 67 2931 210 2989; x_wconf 84' lang='lat' dir='ltr'><em>assero,</em></span> <span class='ocrx_word' id='word_1_159' title='bbox 229 2933 336 3004; x_wconf 89' lang='lat' dir='ltr'><em>quem</em></span> <span class='ocrx_word' id='word_1_160' title='bbox 351 2908 408 2978; x_wconf 85' lang='lat' dir='ltr'><em>sic</em></span> <span class='ocrx_word' id='word_1_161' title='bbox 420 2935 444 2978; x_wconf 92' lang='lat' dir='ltr'><em>a</em></span> <span class='ocrx_word' id='word_1_162' title='bbox 464 2906 623 2979; x_wconf 87' lang='lat' dir='ltr'><em>Domino</em></span> <span class='ocrx_word' id='word_1_163' title='bbox 641 2922 812 2981; x_wconf 84' lang='lat' dir='ltr'><em>vocatum</em></span> <span class='ocrx_word' id='word_1_164' title='bbox 830 2934 1025 3008; x_wconf 78' lang='lat' dir='ltr'><em>cognosco.</em></span> 
     </span>
    </p>

    <p class='ocr_par' dir='ltr' id='par_1_4' title="bbox 72 3022 1148 3717">
     <span class='ocr_line' id='line_1_23' title="bbox 119 3022 1145 3124; baseline 0.008 -29"><span class='ocrx_word' id='word_1_165' title='bbox 119 3022 205 3097; x_wconf 89' lang='lat' dir='ltr'><em>Non</em></span> <span class='ocrx_word' id='word_1_166' title='bbox 220 3024 337 3098; x_wconf 89' lang='lat' dir='ltr'><em>multo</em></span> <span class='ocrx_word' id='word_1_167' title='bbox 353 3041 454 3122; x_wconf 85' lang='lat' dir='ltr'><em>post,</em></span> <span class='ocrx_word' id='word_1_168' title='bbox 472 3041 544 3098; x_wconf 88' lang='lat' dir='ltr'><em>tres</em></span> <span class='ocrx_word' id='word_1_169' title='bbox 561 3026 699 3124; x_wconf 82' lang='lat' dir='ltr'><em>praesnti</em></span> <span class='ocrx_word' id='word_1_170' title='bbox 717 3027 871 3118; x_wconf 89' lang='lat' dir='ltr'><em>tirones,</em></span> <span class='ocrx_word' id='word_1_171' title='bbox 886 3043 928 3099; x_wconf 85' lang='lat' dir='ltr'><em>ut</em></span> <span class='ocrx_word' id='word_1_172' title='bbox 939 3025 1076 3102; x_wconf 79' lang='lat' dir='ltr'><em>diversa</em></span> <span class='ocrx_word' id='word_1_173' title='bbox 1091 3053 1145 3103; x_wconf 90' lang='lat' dir='ltr'><em>re·</em></span> 
     </span>
     <span class='ocr_line' id='line_1_24' title="bbox 72 3142 1144 3242; baseline 0.003 -27"><span class='ocrx_word' id='word_1_174' title='bbox 72 3142 253 3232; x_wconf 86' lang='lat' dir='ltr'><em>tulerunt,</em></span> <span class='ocrx_word' id='word_1_175' title='bbox 271 3145 387 3216; x_wconf 79' lang='lat' dir='ltr'><em>varios</em></span> <span class='ocrx_word' id='word_1_176' title='bbox 401 3159 551 3216; x_wconf 85' lang='lat' dir='ltr'><em>eventus</em></span> <span class='ocrx_word' id='word_1_177' title='bbox 567 3145 706 3242; x_wconf 78' lang='lat' dir='ltr'><em>experti</em></span> <span class='ocrx_word' id='word_1_178' title='bbox 720 3159 817 3217; x_wconf 88' lang='lat' dir='ltr'><em>sunt.</em></span> <span class='ocrx_word' id='word_1_179' title='bbox 835 3144 977 3218; x_wconf 82' lang='lat' dir='ltr'><em>Primus</em></span> <span class='ocrx_word' id='word_1_180' title='bbox 990 3147 1088 3218; x_wconf 87' lang='lat' dir='ltr'><em>enim</em></span> <span class='ocrx_word' id='word_1_181' title='bbox 1106 3145 1144 3219; x_wconf 86' lang='lat' dir='ltr'><em>in</em></span> 
     </span>
     <span class='ocr_line' id='line_1_25' title="bbox 72 3259 1148 3362; baseline 0.002 -29"><span class='ocrx_word' id='word_1_182' title='bbox 72 3260 300 3362; x_wconf 82' lang='lat' dir='ltr'><em>expeditione</em></span> <span class='ocrx_word' id='word_1_183' title='bbox 312 3260 467 3362; x_wconf 84' lang='lat' dir='ltr'><em>quadam</em></span> <span class='ocrx_word' id='word_1_184' title='bbox 481 3261 575 3334; x_wconf 84' lang='lat' dir='ltr'><em>mule</em></span> <span class='ocrx_word' id='word_1_185' title='bbox 590 3259 765 3335; x_wconf 81' lang='lat' dir='ltr'><em>sauciatus</em></span> <span class='ocrx_word' id='word_1_186' title='bbox 777 3277 846 3347; x_wconf 82' lang='lat' dir='ltr'><em>est,</em></span> <span class='ocrx_word' id='word_1_187' title='bbox 860 3278 897 3335; x_wconf 84' lang='lat' dir='ltr'><em>et</em></span> <span class='ocrx_word' id='word_1_188' title='bbox 913 3263 990 3335; x_wconf 89' lang='lat' dir='ltr'><em>sine</em></span> <span class='ocrx_word' id='word_1_189' title='bbox 1012 3266 1148 3337; x_wconf 83' lang='lat' dir='ltr'><em>conses-</em></span> 
     </span>
     <span class='ocr_line' id='line_1_26' title="bbox 73 3376 1146 3481; baseline 0.004 -30"><span class='ocrx_word' id='word_1_190' title='bbox 73 3378 174 3452; x_wconf 87' lang='lat' dir='ltr'><em>sione</em></span> <span class='ocrx_word' id='word_1_191' title='bbox 187 3405 229 3453; x_wconf 85' lang='lat' dir='ltr'><em>ue</em></span> <span class='ocrx_word' id='word_1_192' title='bbox 244 3379 376 3452; x_wconf 78' lang='lat' dir='ltr'><em>viatico</em></span> <span class='ocrx_word' id='word_1_193' title='bbox 394 3395 561 3453; x_wconf 89' lang='lat' dir='ltr'><em>mortuus</em></span> <span class='ocrx_word' id='word_1_194' title='bbox 580 3395 646 3453; x_wconf 87' lang='lat' dir='ltr'><em>est.</em></span> <span class='ocrx_word' id='word_1_195' title='bbox 666 3376 862 3452; x_wconf 85' lang='lat' dir='ltr'><em>Bulduinus</em></span> <span class='ocrx_word' id='word_1_196' title='bbox 874 3396 1013 3468; x_wconf 82' lang='lat' dir='ltr'><em>autem,</em></span> <span class='ocrx_word' id='word_1_197' title='bbox 1032 3404 1146 3481; x_wconf 80' lang='lat' dir='ltr'><em>gener</em></span> 
     </span>
     <span class='ocr_line' id='line_1_27' title="bbox 75 3494 1145 3594; baseline 0.005 -27"><span class='ocrx_word' id='word_1_198' title='bbox 75 3494 255 3594; x_wconf 80' lang='lat' dir='ltr'><em>deulphi</em></span> <span class='ocrx_word' id='word_1_199' title='bbox 271 3494 316 3569; x_wconf 88' lang='lat' dir='ltr'><em>de</em></span> <span class='ocrx_word' id='word_1_200' title='bbox 334 3495 507 3585; x_wconf 88' lang='lat' dir='ltr'><em>Conchis,</em></span> <span class='ocrx_word' id='word_1_201' title='bbox 525 3497 561 3569; x_wconf 86' lang='lat' dir='ltr'><em>in</em></span> <span class='ocrx_word' id='word_1_202' title='bbox 577 3495 729 3570; x_wconf 75' lang='lat' dir='ltr'><em>dextero</em></span> <span class='ocrx_word' id='word_1_203' title='bbox 739 3494 892 3571; x_wconf 90' lang='lat' dir='ltr'><em>humero</em></span> <span class='ocrx_word' id='word_1_204' title='bbox 904 3497 1051 3571; x_wconf 89' lang='lat' dir='ltr'><em>Domini</em></span> <span class='ocrx_word' id='word_1_205' title='bbox 1065 3526 1145 3572; x_wconf 82' lang='lat' dir='ltr'><em>cru·</em></span> 
     </span>
     <span class='ocr_line' id='line_1_28' title="bbox 76 3615 1145 3717; baseline 0.005 -30"><span class='ocrx_word' id='word_1_206' title='bbox 76 3639 153 3687; x_wconf 88' lang='lat' dir='ltr'><em>cem</em></span> <span class='ocrx_word' id='word_1_207' title='bbox 171 3616 340 3714; x_wconf 87' lang='lat' dir='ltr'><em>sumpsit,</em></span> <span class='ocrx_word' id='word_1_208' title='bbox 359 3632 393 3689; x_wconf 89' lang='lat' dir='ltr'><em>et</em></span> <span class='ocrx_word' id='word_1_209' title='bbox 412 3615 552 3689; x_wconf 83' lang='lat' dir='ltr'><em>Urbani</em></span> <span class='ocrx_word' id='word_1_210' title='bbox 571 3615 677 3716; x_wconf 83' lang='lat' dir='ltr'><em>Pnpoe</em></span> <span class='ocrx_word' id='word_1_211' title='bbox 690 3615 791 3716; x_wconf 82' lang='lat' dir='ltr'><em>jussu</em></span> <span class='ocrx_word' id='word_1_212' title='bbox 805 3632 964 3688; x_wconf 80' lang='lat' dir='ltr'><em>sanctum</em></span> <span class='ocrx_word' id='word_1_213' title='bbox 984 3617 1039 3717; x_wconf 88' lang='lat'><em>(2)</em></span> <span class='ocrx_word' id='word_1_214' title='bbox 1054 3643 1145 3692; x_wconf 89' lang='lat' dir='ltr'><em>con·</em></span> 
     </span>
    </p>
   </div>
   <div class='ocr_carea' id='block_1_3' title="bbox 78 3840 1148 4285">
    <p class='ocr_par' dir='ltr' id='par_1_5' title="bbox 78 3840 1148 4200">
     <span class='ocr_line' id='line_1_29' title="bbox 111 3840 1145 3928; baseline 0.005 -21"><span class='ocrx_word' id='word_1_215' title='bbox 111 3855 151 3924; x_wconf 83' lang='grc' dir='ltr'><em>(ι)</em></span> <span class='ocrx_word' id='word_1_216' title='bbox 166 3852 327 3919; x_wconf 71' lang='lat' dir='ltr'><em>Bsudouim</em></span> <span class='ocrx_word' id='word_1_217' title='bbox 346 3858 394 3928; x_wconf 86' lang='lat' dir='ltr'><em>qui</em></span> <span class='ocrx_word' id='word_1_218' title='bbox 410 3855 454 3910; x_wconf 88' lang='lat' dir='ltr'><em>lut</em></span> <span class='ocrx_word' id='word_1_219' title='bbox 466 3855 566 3928; x_wconf 84' lang='lat' dir='ltr'><em>depuis</em></span> <span class='ocrx_word' id='word_1_220' title='bbox 578 3865 671 3910; x_wconf 88' lang='lat' dir='ltr'><em>comte</em></span> <span class='ocrx_word' id='word_1_221' title='bbox 684 3840 814 3911; x_wconf 68' lang='lat' dir='ltr'><em>d’lldesse</em></span> <span class='ocrx_word' id='word_1_222' title='bbox 827 3865 856 3910; x_wconf 89' lang='lat' dir='ltr'><em>et</em></span> <span class='ocrx_word' id='word_1_223' title='bbox 870 3854 912 3911; x_wconf 79' lang='lat' dir='ltr'><em>roi</em></span> <span class='ocrx_word' id='word_1_224' title='bbox 927 3855 963 3911; x_wconf 90' lang='lat' dir='ltr'><em>de</em></span> <span class='ocrx_word' id='word_1_225' title='bbox 975 3856 1145 3926; x_wconf 75' lang='lat' dir='ltr'><em>linusalem,</em></span> 
     </span>
     <span class='ocr_line' id='line_1_30' title="bbox 78 3944 1148 4023; baseline 0.007 -27"><span class='ocrx_word' id='word_1_226' title='bbox 78 3948 179 4016; x_wconf 67' lang='lat' dir='ltr'><em>sponsa</em></span> <span class='ocrx_word' id='word_1_227' title='bbox 193 3944 367 4012; x_wconf 77' lang='lat' dir='ltr'><em>Godchildc,</em></span> <span class='ocrx_word' id='word_1_228' title='bbox 384 3946 438 4001; x_wconf 86' lang='lat' dir='ltr'><em>sdic</em></span> <span class='ocrx_word' id='word_1_229' title='bbox 450 3945 484 4000; x_wconf 87' lang='lat' dir='ltr'><em>dc</em></span> <span class='ocrx_word' id='word_1_230' title='bbox 497 3945 587 4001; x_wconf 79' lang='lat' dir='ltr'><em>Rsoul</em></span> <span class='ocrx_word' id='word_1_231' title='bbox 601 3944 636 4001; x_wconf 88' lang='lat' dir='ltr'><em>de</em></span> <span class='ocrx_word' id='word_1_232' title='bbox 647 3945 788 4010; x_wconf 68' lang='lat' dir='ltr'><em>cunctus.</em></span> <span class='ocrx_word' id='word_1_233' title='bbox 801 3948 882 4021; x_wconf 74' lang='lat' dir='ltr'><em>apri-s</em></span> <span class='ocrx_word' id='word_1_234' title='bbox 892 3946 993 4023; x_wconf 86' lang='lat' dir='ltr'><em>qu&#39;ellc</em></span> <span class='ocrx_word' id='word_1_235' title='bbox 1006 3948 1050 4003; x_wconf 87' lang='lat' dir='ltr'><em>lut</em></span> <span class='ocrx_word' id='word_1_236' title='bbox 1063 3966 1148 4004; x_wconf 78' lang='lat' dir='ltr'><em>seuve</em></span> 
     </span>
     <span class='ocr_line' id='line_1_31' title="bbox 78 4032 1148 4108; baseline 0.007 -22"><span class='ocrx_word' id='word_1_237' title='bbox 78 4032 233 4108; x_wconf 55' lang='lat' dir='ltr'><em>deltobert</em></span> <span class='ocrx_word' id='word_1_238' title='bbox 250 4033 289 4089; x_wconf 90' lang='lat' dir='ltr'><em>du</em></span> <span class='ocrx_word' id='word_1_239' title='bbox 307 4035 471 4108; x_wconf 72' lang='lat' dir='ltr'><em>Neubourg.</em></span> <span class='ocrx_word' id='word_1_240' title='bbox 488 4037 566 4092; x_wconf 81' lang='lat' dir='ltr'><em>Nous</em></span> <span class='ocrx_word' id='word_1_241' title='bbox 580 4054 708 4104; x_wconf 76' lang='lat' dir='ltr'><em>verrom,</em></span> <span class='ocrx_word' id='word_1_242' title='bbox 726 4035 796 4093; x_wconf 77' lang='lat' dir='ltr'><em>dans</em></span> <span class='ocrx_word' id='word_1_243' title='bbox 809 4037 836 4094; x_wconf 91' lang='lat' dir='ltr'><em>le</em></span> <span class='ocrx_word' id='word_1_244' title='bbox 852 4037 920 4095; x_wconf 74' lang='lat' dir='ltr'><em>tim</em></span> <span class='ocrx_word' id='word_1_245' title='bbox 937 4039 1058 4107; x_wconf 76' lang='lat' dir='ltr'><em>suivant,</em></span> <span class='ocrx_word' id='word_1_246' title='bbox 1075 4049 1148 4095; x_wconf 87' lang='lat' dir='ltr'><em>cette</em></span> 
     </span>
     <span class='ocr_line' id='line_1_32' title="bbox 78 4123 643 4200; baseline 0.007 -22"><span class='ocrx_word' id='word_1_247' title='bbox 78 4123 157 4178; x_wconf 71' lang='lat' dir='ltr'><em>derne</em></span> <span class='ocrx_word' id='word_1_248' title='bbox 171 4126 280 4179; x_wconf 78' lang='lat' dir='ltr'><em>nrourir</em></span> <span class='ocrx_word' id='word_1_249' title='bbox 292 4128 306 4179; x_wconf 79' lang='lat' dir='ltr'><em>&#39;a</em></span> <span class='ocrx_word' id='word_1_250' title='bbox 319 4125 345 4181; x_wconf 86' lang='lat' dir='ltr'><em>la</em></span> <span class='ocrx_word' id='word_1_251' title='bbox 359 4129 497 4200; x_wconf 69' lang='lat' dir='ltr'><em>premiere</em></span> <span class='ocrx_word' id='word_1_252' title='bbox 509 4126 643 4183; x_wconf 81' lang='lat' dir='ltr'><em>croisadc.</em></span> 
     </span>
    </p>

    <p class='ocr_par' dir='ltr' id='par_1_6' title="bbox 113 4214 552 4285">
     <span class='ocr_line' id='line_1_33' title="bbox 113 4214 552 4285; baseline 0.005 -17"><span class='ocrx_word' id='word_1_253' title='bbox 113 4219 152 4285; x_wconf 79' lang='lat' dir='ltr'><em>(u)</em></span> <span class='ocrx_word' id='word_1_254' title='bbox 166 4214 217 4268; x_wconf 76' lang='lat' dir='ltr'><em>ns.</em></span> <span class='ocrx_word' id='word_1_255' title='bbox 232 4214 266 4268; x_wconf 83' lang='lat' dir='ltr'><em>de</em></span> <span class='ocrx_word' id='word_1_256' title='bbox 279 4216 302 4269; x_wconf 79' lang='lat' dir='ltr'><em>ln</em></span> <span class='ocrx_word' id='word_1_257' title='bbox 317 4219 393 4272; x_wconf 76' lang='lat' dir='ltr'><em>teinc</em></span> <span class='ocrx_word' id='word_1_258' title='bbox 405 4217 439 4272; x_wconf 85' lang='lat' dir='ltr'><em>dc</em></span> <span class='ocrx_word' id='word_1_259' title='bbox 453 4217 552 4273; x_wconf 74' lang='lat' dir='ltr'><em>Saldo.</em></span> 
     </span>
    </p>
   </div>
   <div class='ocr_carea' id='block_1_4' title="bbox 0 0 1546 5244">
    <p class='ocr_par' dir='ltr' id='par_1_7' title="bbox 0 0 1546 5244">
     <span class='ocr_line' id='line_1_34' title="bbox 0 0 1546 5244; baseline 0 0"><span class='ocrx_word' id='word_1_260' title='bbox 0 0 1546 5244; x_wconf 95' lang='lat' dir='ltr'><em> </em></span> 
     </span>
    </p>
   </div>
  </div>
 </body>
</html>
