3046 5244
229 470 386 549 [urceo]
607 468 723 531 tinen
743 468 900 532 sexrns.
1245 470 1285 531 ra

226 599 405 700 adsumpta
431 601 585 675 hnmana
602 603 716 703 effigie
731 603 845 702 coepit
856 602 991 703 ingere.
1016 600 1121 696 Quod
1138 626 1288 675 cernens

225 716 431 807 virbeatus,
451 717 501 791 nit
513 718 556 791 ad
574 718 728 793 filiolum
741 746 869 793 uuum:
889 719 1063 811 Videsne,
1069 717 1210 819 frater,
1225 720 1288 792 iio-

224 838 361 908 minnm
372 835 473 908 iilum
486 836 715 911 currentem?
723 837 773 909 At
783 837 843 910 iiie
859 866 868 909 τ
882 837 970 912 Non
983 836 1104 927 niden,
1116 837 1285 910 Domine.

225 996 267 1010 -
289 954 408 1043 Ecce,
435 954 571 1054 inquit,
594 953 764 1026 diabolus
784 957 824 1027 in
845 953 997 1027 hominia
1006 951 1139 1052 sonno
1165 972 1289 1027 trans·

216 1071 401 1171 figuratur
432 1069 596 1172 eryngii,
624 1075 749 1144 timens
766 1070 899 1145 ibidem
920 1073 1079 1175 amplius
1101 1074 1286 1146 remorari.

226 1188 307 1261 flaec
324 1187 467 1274 dicens,
488 1187 743 1289 insequebatur
757 1190 868 1264 Belial
894 1191 1103 1291 fugientem.
1121 1189 1190 1284 Qui
1209 1216 1288 1262 cum

227 1306 258 1378 in
274 1305 383 1378 iiium
396 1306 536 1394 iocum,
551 1306 612 1406 qui
631 1333 728 1380 nunc
742 1304 789 1379 ab
803 1308 929 1383 incolis
945 1306 1109 1382 Escaiiou
1122 1307 1179 1406 (t)
1195 1308 1292 1381 voci-

226 1440 333 1511 tatur,
344 1425 579 1523 pervenisset,
589 1423 695 1498 Satan
704 1424 1208 1524 ulteriusiugiendilicentiam
1217 1452 1291 1500 non

228 1540 372 1630 hahens,
390 1541 501 1615 stetit.
521 1543 650 1616 Beatus
662 1568 751 1617 vero
766 1541 937 1617 Ebrulius
952 1543 1120 1619 audacter
1132 1544 1290 1633 accessit,

229 1660 260 1732 in
274 1659 428 1733 inrnum
451 1660 658 1751 ardentem,
678 1660 741 1763 qui
763 1661 958 1763 coquendis
975 1661 1127 1761 panibus
1146 1659 1293 1761 parabu-

230 1792 296 1867 tur,
315 1777 423 1852 ilium
431 1781 603 1881 projecit,
622 1796 658 1853 et
670 1806 710 1854 os
724 1778 856 1853 clibani
867 1779 1039 1880 operculo
1051 1782 1183 1870 ferreo,
1195 1778 1291 1880 quod

230 1894 378 1970 ibiiorte
386 1897 535 1996 reperit,
549 1898 715 1997 protinus
725 1895 920 1971 obstruxit.
934 1899 1049 1973 locus
1062 1897 1155 1971 idern
1165 1897 1293 1972 exinde

230 2011 271 2083 ab
282 2029 416 2086 eventu
433 2013 599 2087 Escnlion
619 2029 762 2087 vocatus
779 2030 843 2088 est.
868 2016 946 2089 Hoc
963 2016 1083 2116 itaque
1102 2015 1291 2101 mulieres,

231 2155 308 2229 quae
338 2156 449 2228 panes
473 2157 553 2205 snos
574 2130 617 2204 nd
639 2130 867 2232 coquendum
890 2131 1112 2218 detulerant,
1135 2148 1176 2204 nt
1192 2130 1294 2203 ride-

232 2264 337 2337 rnnt,
357 2248 613 2348 obstupeinctae
634 2248 713 2322 viro
738 2249 801 2321 Dei
826 2248 1025 2322 dixerunt:
1049 2249 1153 2349 Quid
1158 2244 1294 2345 sacie-

232 2390 329 2453 mus,
355 2365 519 2455 domine,
545 2365 591 2439 de
607 2365 770 2469 panibus
791 2363 949 2439 nostris?
968 2363 1105 2459 Quibus
1129 2365 1190 2438 itte
1214 2363 1291 2436 ait:

236 2482 365 2555 Potens
387 2501 440 2555 est
461 2485 561 2557 Deus
579 2483 718 2584 absque
735 2508 907 2584 corporeo
926 2485 1011 2583 igne
1023 2507 1139 2584 panes
1157 2498 1294 2554 nestros

233 2626 392 2701 coquere.
415 2602 582 2675 Plateam
601 2620 687 2675 ante
707 2603 894 2676 clibanum
914 2600 1110 2702 diligenter
1124 2615 1293 2702 scopate,

233 2734 263 2787 et
280 2721 443 2791 seriatim
458 2744 578 2822 panes
599 2736 735 2792 nestros
762 2719 897 2792 ibidem
918 2720 1109 2822 exponite,
1135 2732 1188 2805 et,
1212 2742 1296 2788 cnm

233 2838 448 2939 adplenum
472 2839 621 2911 excocti
625 2833 791 2934 suerint,
814 2838 869 2911 ad
886 2839 1057 2940 propn'as
1078 2836 1205 2909 dornos
1229 2834 1295 2905 de·

223 2952 327 3049 ferte.
354 2953 461 3047 Quod
480 2955 528 3026 ita
550 2955 684 3027 iactum
704 2971 773 3042 est,
798 2955 936 3028 cunctis
951 2955 1066 3026 Deum
1087 2950 1296 3025 collaudan-

235 3071 324 3145 tibus
333 3128 343 3161 ,
360 3071 493 3173 quibus
509 3072 577 3146 hoc
588 3087 770 3146 ostensum
787 3087 853 3144 eat.
874 3071 1011 3145 Deinde
1024 3071 1148 3144 beatus
1164 3068 1295 3142 Ebrui-

235 3196 283 3265 ius
302 3195 347 3267 ad
367 3197 625 3268 monasterium
646 3221 750 3268 suum
766 3193 893 3282 rediit,
910 3192 1070 3294 duosque
1091 3196 1219 3266 iratres
1234 3191 1294 3292 qui

238 3312 407 3411 perempti
424 3313 586 3398 inerant,
603 3338 724 3386 coram
743 3338 779 3384 se
791 3310 921 3384 deicrri
937 3313 1122 3410 praecepit.
1143 3313 1298 3383 Prostra·

267 3638 275 3691 i
281 3654 288 3686 ι
293 3639 303 3702 j
324 3634 493 3689 [tinnient.
516 3633 593 3687 Nous
607 3651 641 3689 ne
654 3650 838 3708 comprenont
860 3650 907 3706 pat
928 3632 1114 3706 i’etimologie
1139 3649 1193 3707 quc
1217 3641 1298 3686 notu·

242 3734 329 3777 autern
342 3723 461 3796 pretend
474 3725 596 3797 assigner
607 3728 621 3779 ir
634 3743 665 3780 ce
679 3735 752 3790 mot,
766 3727 885 3780 amcino
897 3723 965 3799 qu'il
983 3741 1018 3779 ne
1031 3722 1057 3777 ia
1070 3741 1176 3798 prenae
1190 3722 1297 3797 d’aprir

244 3810 265 3863 ie
290 3826 344 3869 mot
368 3815 486 3888 iranqait
512 3803 680 3870 ilcirauiour.
707 3815 784 3870 Nous
805 3813 908 3870 devons
933 3814 1088 3888 cependant
1111 3817 1219 3887 ajouter
1243 3831 1297 3888 qne

248 3900 278 3955 Ι.
298 3904 440 3978 Supieton
460 3924 495 3959 ne
514 3916 612 3960 trouve
633 3924 740 3960 aucune
761 3904 894 3960 difficulte
910 3910 925 3959 ir
939 3904 1104 3960 i'admettre.
1122 3906 1295 3963 Pournour,

250 4006 309 4045 nous
327 4013 445 4066 pensons
465 4015 520 4069 que
539 3996 565 4049 ic
584 3996 608 4050 11
632 3996 723 4051 finala
743 3999 787 4050 ete
807 3997 900 4067 ajoute
912 3997 1089 4070 apretcoup,
1104 4012 1211 4050 comme
1230 3992 1298 4047 dans

255 4084 389 4138 renarrat
402 4095 464 4139 tons
476 4084 516 4139 lea
529 4103 608 4139 nonis
620 4085 655 4139 dc
668 4085 723 4140 lieu
737 4085 916 4156 aujourd'hui
927 4087 1060 4140 terminia
1075 4083 1201 4154 enflenr·¹
1223 4083 1298 4136 Nous

255 4168 440 4233 &narremus
466 4177 604 4232 d'aiiieurs
632 4178 714 4252 qu'on
736 4176 866 4251 a‘ppiique
886 4187 958 4232 cette
982 4175 1194 4250 interpretation
1216 4172 1299 4228 d'unc

259 4278 361 4318 nanim·
375 4267 552 4323 satiriaisante
565 4286 598 4321 au
611 4285 675 4321 nom
687 4266 721 4321 de
736 4266 760 4321 ia
775 4286 922 4322 commune
934 4268 1065 4337 contigue
1078 4312 1082 4319 .
1096 4254 1298 4320 Echaurneanii.
