3046 5244
236 428 316 505 [ηνο
331 449 397 490 tuo.
413 430 507 504 1099]
631 429 750 492 LIBER
770 430 908 493 NONUS.
1243 436 1301 497 ott

235 560 437 644 civitatem,
456 585 568 656 quam
586 576 624 631 ut
637 561 717 634 Deo
731 562 939 662 adquireret
954 565 1090 636 acriter
1103 587 1307 664 expugna-

237 677 304 762 eit,
323 692 517 773 gratanter
530 681 564 746 ei
581 677 689 750 debes
707 679 829 752 urbem
845 681 991 778 offerre,
1012 707 1123 780 quam
1140 682 1303 754 nondum

233 793 417 890 possides,
435 810 467 862 et
482 795 558 893 ipse
570 801 731 894 requirit.
749 797 788 870 N
791 797 871 871 olris
888 801 997 887 enr'rrr,
1014 799 1069 871 ad
1084 800 1167 872 loca
1180 817 1305 871 nostra

234 910 497 999 rerrzeaatiims,
529 914 681 985 crrnsilio
705 943 887 1017 orantique
911 922 988 991 siue
1012 917 1124 990 dubio
1149 918 1213 989 tibi
1238 921 1305 990 erit

234 1034 348 1103 valde
370 1033 607 1103 necessarius.
634 1035 771 1106 Ciuitas
798 1039 908 1134 regioe
931 1037 1117 1135 majestati
1137 1035 1307 1107 nobiliter

233 1169 268 1223 et
292 1153 421 1225 utiliter
438 1150 656 1250 subjacebit,
674 1178 745 1251 pro
763 1177 838 1249 qua
856 1168 978 1223 tantus
1000 1153 1103 1224 beros
1124 1152 1160 1222 ei
1180 1150 1304 1222 homi-

234 1276 333 1341 nium
344 1271 468 1369 saciet
494 1299 540 1343 ae
561 1269 744 1340 militabit.
770 1268 867 1368 Rege
893 1268 1181 1368 persuasionibus
1201 1268 1304 1366 opti-

233 1405 370 1461 matam
395 1416 468 1461 non
498 1387 769 1488 adquiescente,
799 1413 917 1460 comes
943 1388 1053 1460 iratus
1077 1387 1241 1475 recessit,
1267 1401 1305 1459 et

234 1505 447 1577 Ascalonitis
464 1523 503 1577 ut
517 1531 590 1577 sese
610 1505 841 1603 pertinaciter
856 1503 1088 1579 defenderent
1104 1503 1301 1577 mandavit.

232 1622 308 1693 Rex
338 1638 456 1695 autem
487 1622 653 1695 obsidere
679 1620 807 1694 urbem
833 1623 972 1711 voluit3
1001 1621 1062 1694 sed
1091 1620 1303 1719 proceribus

232 1741 369 1812 cunctis
391 1767 467 1839 prae
492 1742 542 1811 ira
565 1755 601 1812 et
622 1740 831 1838 fatigatione
850 1738 1117 1828 recedentibus,
1140 1741 1194 1812 nil
1215 1764 1304 1838 per-

232 1874 375 1954 petrare
401 1858 496 1929 solus
524 1858 665 1955 potuit,
698 1856 946 1958 oppidumque
974 1856 1125 1930 illaesum
1150 1871 1303 1929 moestus

229 1971 376 2044 dimisit.
406 1972 501 2046 Proh
529 1973 668 2072 pudor!
700 1999 767 2047 nec
790 1975 882 2072 ipse,
913 1999 979 2046 nec
1001 1974 1061 2046 alii
1088 1997 1208 2072 reges,
1237 1974 1301 2072 qui

230 2104 310 2185 post
328 2114 409 2159 eum
430 2115 495 2187 per
515 2115 560 2160 xc
577 2114 691 2161 astrios
707 2089 762 2188 (t)
783 2105 1051 2188 regnaverunt,
1072 2087 1302 2187 sepedictam

230 2205 500 2279 Philistinorum
523 2206 755 2305 metropolim
772 2233 883 2307 usque
905 2206 948 2279 ad
970 2206 1184 2281 hodiernam
1204 2204 1302 2277 diem

231 2323 385 2393 nancisci
404 2338 619 2421 potuerunt;
638 2323 749 2395 immo
762 2348 827 2421 per
841 2348 920 2395 eam
935 2322 1016 2421 plus
1028 2348 1137 2422 quam
1154 2337 1301 2394 centum

230 2439 341 2508 millia
363 2438 575 2527 hominum,
595 2456 729 2537 praeter
750 2439 816 2511 alia
842 2442 1031 2513 innumera
1059 2440 1298 2525 detrimenta,

229 2555 478 2651 perdiderunt.
498 2558 555 2629 Sic
574 2556 782 2629 insatiabilis
800 2558 961 2632 lucratur
977 2557 1141 2631 ambitio.
1162 2559 1197 2629 Si
1215 2582 1299 2629 vera

228 2670 375 2743 dilectio
403 2699 524 2771 regem
550 2672 779 2771 possedisset,
806 2690 842 2746 et
866 2675 939 2773 ipse
963 2675 1171 2773 proximum
1194 2700 1300 2745 suum

226 2793 323 2887 juxta
350 2791 462 2888 legem
487 2793 549 2863 Dei
574 2791 665 2864 sicut
691 2818 726 2864 se
750 2791 948 2881 dilexisset,
975 2791 1103 2865 hostile
1125 2790 1299 2890 oppidum

231 2910 300 3004 ipsa
330 2909 386 2980 die
416 2910 559 3007 adipisci
586 2913 777 3010 potuisset,
799 2939 864 3012 per
891 2911 988 3013 quod
1013 2911 1105 2984 liber
1130 2914 1300 2984 transitus

228 3052 339 3122 usqne
352 3027 385 3094 in
399 3027 617 3122 babylonem
629 3026 849 3103 Chrisiicoiis
861 3031 1042 3127 patuisset.
1057 3028 1299 3102 Godesrednm

229 3169 349 3239 regem
368 3144 521 3214 multam
540 3142 664 3231 laudo,
684 3145 758 3232 sed,
775 3147 866 3217 sicut
882 3146 1010 3218 Paulus
1026 3146 1207 3245 apostolus
1223 3146 1299 3218 Co-

229 3261 372 3330 rinthiis
388 3260 514 3332 scribit
532 3264 599 3357 (2),
621 3264 656 3333 in
674 3261 742 3334 hoc
759 3289 833 3335 non
851 3262 970 3336 laudo.

278 3379 409 3447 Fertur
438 3381 472 3449 in
503 3405 622 3477 pugna
645 3378 912 3452 Admiravisum
933 3378 1095 3452 babuisse
1118 3406 1157 3451 ec
1184 3380 1298 3452 millia

229 3494 386 3564 militnm
412 3512 445 3564 ct
472 3497 676 3568 innumeras
704 3495 869 3570 cohortes
901 3498 1075 3596 peditum.
1103 3496 1295 3569 Christiani

227 3628 345 3683 antem
360 3611 564 3685 habuerant
580 3640 671 3712 pene
687 3616 785 3687 mille
803 3616 950 3703 milites,
968 3633 1003 3689 et
1021 3643 1093 3689 xxx
1107 3615 1218 3688 millia
1230 3642 1297 3715 pe-

226 3725 355 3798 rlitum.
377 3728 446 3818 Qui
466 3731 614 3828 juvante
635 3731 727 3810 Deo,
751 3730 847 3803 caede
871 3748 1032 3830 peracta,
1058 3733 1191 3804 reversi
1213 3747 1297 3803 sunt

262 3946 301 3989 tit
315 3944 353 3990 lla
368 3943 465 3995 ‹tliiss'rc
480 3942 582 3995 sensile
598 3943 737 4016 indiquer,
753 3944 815 3997 sani
827 3943 852 3996 lc
867 3963 920 4016 peu
936 3943 970 3998 de
985 3945 1125 3998 constance
1137 3945 1221 4017 qu'on
1237 3943 1297 3997 doit

227 4033 302 4082 avoir
312 4030 379 4083 dam
394 4034 430 4083 lrs
444 4035 636 4105 supputatione
645 4034 680 4087 ‹le
691 4045 770 4087 notre
783 4046 891 4099 auteur,
903 4053 937 4087 en
951 4034 1080 4088 nombrcs
1093 4033 1193 4098 ronds,
1205 4053 1260 4107 que
1271 4033 1296 4087 ia

227 4124 261 4174 lin
277 4123 313 4172 «ln
331 4126 472 4177 norisii-mr
486 4125 552 4177 livre
566 4126 681 4179 n'aurait
696 4144 743 4197 pas
755 4128 798 4180 ete
810 4127 896 4181 ecrite
909 4135 988 4180 avant
1005 4122 1078 4198 ¹¹39·

262 4216 298 4280 r)
318 4214 336 4264 i.
355 4216 414 4264 t'nr.
434 4234 475 4266 π’).
