3046 5244
604 424 722 488 ttuutt
740 424 929 488 OCTAVUS.
1237 424 1293 487 ⁴81

225 554 345 627 Sancti
363 554 532 626 Trinitati
551 576 761 632 reverenter
776 556 950 643 militans,
964 556 1167 630 mosenuit.
1180 555 1301 657 Egre-

227 670 582 771 gioCluniacensium
595 673 888 766 abbati,Pontio,
898 673 1067 748 eximiam
1080 673 1302 774 explanatio·

227 812 312 860 nem
337 812 446 886 supet·
471 788 659 887 parabolas
683 791 886 865 Salomonis
913 791 1125 880 contexuit,
1151 788 1301 891 aliisque

226 903 493 977 venerabilibus
515 909 677 1005 personis
695 908 947 983 Ecclesiastem
971 923 1009 983 et
1028 907 1177 983 Cantica
1203 907 1302 981 Can-

228 1021 384 1093 ticorum
397 1024 772 1100 uellenteronomium
791 1026 994 1099 luculenter
1005 1027 1192 1126 exposuit,
1206 1025 1301 1098 mul·

228 1153 353 1239 tosque
373 1155 542 1213 tractatus
561 1166 668 1240 snper
689 1142 842 1216 obscura
866 1142 1127 1243 prophetarum
1147 1141 1302 1242 proble-

227 1273 322 1329 mata
339 1257 530 1356 allegorice
545 1284 607 1332 seu
624 1260 849 1359 tropologice
863 1258 1062 1358 disseruit(
1087 1260 1119 1359 ).

278 1374 309 1445 N
315 1375 467 1462 icolaus,
485 1377 590 1449 levita
607 1394 644 1450 et
665 1375 774 1451 abbas
795 1377 909 1451 sancti
925 1377 1091 1476 praesulis
1113 1374 1300 1463 Audoeni,

229 1492 326 1564 tertii
346 1491 503 1581 Ricardi,
516 1493 616 1568 ducis
628 1495 944 1584 Normannorum,
959 1494 1054 1568 lilius
1065 1496 1151 1584 tuit,
1164 1494 1303 1567 multa-

227 1633 299 1707 que
309 1606 530 1706 benignitate
543 1627 580 1682 ct
590 1611 778 1700 charitate,
792 1610 942 1713 aliisque
954 1609 1150 1683 virtutibus
1160 1607 1301 1701 floruit,

228 1739 266 1798 et
279 1725 315 1796 in
329 1725 486 1798 Ecclesia
502 1727 565 1800 Dei
583 1727 752 1829 usquead
768 1744 938 1829 quartum
955 1754 1092 1801 annum
1108 1743 1192 1827 post
1206 1752 1304 1801 mor-

229 1858 303 1914 tem
315 1842 497 1915 Guillelmi
512 1846 619 1944 regis,
635 1844 844 1919 consobrini
858 1846 927 1935 sui,
941 1845 1143 1943 specialiter
1152 1843 1299 1916 effulsit.

228 1960 312 2050 llic,
323 1963 563 2058 compellente
571 1961 758 2036 Rodberto
767 1962 870 2050 duce,
884 1978 1016 2060 patruo
1029 1986 1108 2048 suo,
1122 1985 1212 2059 puer
1220 1986 1304 2034 mo·

230 2076 366 2150 nachus
393 2080 428 2150 in
453 2079 625 2154 coenobio
647 2079 875 2152 fiscannensi
895 2077 962 2151 sub
981 2075 1150 2152 Johanne
1172 2075 1304 2150 abbate

229 2194 342 2267 sactus
358 2211 423 2265 est.
444 2195 512 2267 Sed
529 2212 611 2294 post
626 2197 765 2296 aliquot
779 2221 894 2269 annos
906 2224 927 2269 a
941 2195 1137 2269 Guillelmo
1153 2192 1244 2267 duce
1258 2192 1304 2267 ad

230 2311 389 2409 praelatae
413 2312 574 2410 regimen
600 2312 754 2385 abbatioe
778 2313 815 2385 in
841 2309 1077 2386 adolescentia
1104 2325 1305 2409 assumptus

230 2441 297 2499 est.
321 2429 361 2500 ln
388 2430 564 2528 regimine
580 2456 668 2504 vero
685 2430 841 2529 positus,
861 2425 1028 2530 subjectis
1056 2428 1153 2501 intus
1179 2444 1305 2501 exter-

231 2543 359 2643 nisque
390 2546 503 2645 magis
535 2547 700 2644 prodesse
735 2573 844 2647 quam
881 2570 1033 2645 praeesse
1068 2544 1218 2618 studuit.
1253 2543 1305 2617 Et

232 2676 443 2761 postquam,
470 2662 621 2735 adorato
647 2663 683 2736 in
713 2663 916 2736 Jerusalem
939 2661 1106 2761 sepulcro
1134 2660 1303 2750 Domini,

232 2780 428 2869 remeavit,
459 2781 758 2882 quinquagesimo
787 2796 889 2854 sexto
919 2777 1106 2880 regiminis
1129 2779 1183 2852 aui
1208 2804 1306 2853 anno

235 2914 286 2968 η’
314 2897 480 2970 kalendas
509 2900 629 2971 martii
656 2897 749 2971 obiit
777 2901 853 2997 (a),
885 2914 921 2972 et
949 2898 986 2970 in
1015 2897 1161 2972 ecclesia
1192 2897 1306 2970 sancti

232 3012 328 3086 Petri
352 3016 523 3112 apostoli,
545 3042 652 3114 quam
669 3016 743 3115 ipse
757 3042 777 3087 a
790 3012 1033 3089 fundamentis
1049 3029 1211 3113 coeperat
1228 3015 1243 3112 (
1268 3013 1304 3113 ),

233 3145 318 3200 ante
331 3129 443 3201 altare
460 3147 591 3203 sanctae
613 3131 677 3203 Dei
699 3131 883 3231 genitricis
900 3128 1026 3202 Marioe
1040 3129 1218 3229 sepultus,
1234 3153 1307 3202 csse

234 3282 349 3291 uam—*-

268 3352 279 3417 (
286 3353 309 3421 ι)
322 3351 376 3405 Sur
390 3351 428 3405 les
440 3369 573 3423 ouvrages
586 3350 621 3404 dc
633 3350 759 3406 Richerd
771 3350 807 3406 de
818 3350 998 3416 Foorneaux,
1014 3365 1096 3420 noyez
1107 3345 1248 3401 l’llt'stot're
1262 3346 1308 3400 lit·

235 3444 337 3495 te'rni're
351 3440 386 3494 ite
403 3442 523 3506 Frena,
540 3452 560 3495 t.
575 3441 630 3505 tx,
646 3461 674 3514 p.
691 3459 749 3516 ¹⁰7·

270 3534 309 3599 lu)
325 3531 434 3586 Nicolas
447 3535 482 3585 dc
495 3530 681 3599 Rormandir,
697 3531 768 3586 alibe'
779 3529 815 3584 tle
825 3526 1006 3585 Salat-Ocea
1018 3526 1053 3583 tle
1066 3527 1165 3583 Rouen
1177 3525 1260 3599 (1036
1270 3545 1308 3583 ou

239 3625 358 3695 tola-ay
369 3641 406 3676 ou
418 3626 451 3678 28
463 3624 563 3677 levrier
579 3625 670 3695 1092).
683 3623 758 3677 C’est
770 3638 826 3674 une
835 3619 964 3694 question
975 3618 1031 3673 fort
1043 3618 1160 3675 obscure
1172 3618 1208 3673 de
1220 3617 1310 3673 savoir

236 3710 277 3763 t'il
296 3730 310 3763 a
330 3716 469 3781 gouvernu
486 3712 511 3766 lc
530 3714 686 3767 monastero
703 3709 826 3784 pendent
843 3707 1049 3784 cinquanteaix
1067 3726 1131 3776 ans,
1150 3709 1308 3764 conforme·

236 3812 314 3853 ment
331 3819 367 3853 au
386 3803 455 3856 re'cit
473 3802 509 3855 tlu
528 3814 609 3857 notre
628 3812 741 3867 auteur,
762 3818 798 3855 ou
814 3800 966 3873 cinquante
982 3816 1046 3866 aas,
1065 3816 1173 3855 comme
1186 3796 1212 3853 le
1225 3796 1269 3852 dit
1283 3796 1309 3851 le

237 3892 435 3946 totrtinuateur
448 3890 483 3946 tle
496 3893 658 3947 Guillauotc
671 3892 707 3946 tle
720 3892 873 3962 Jumieges.

272 3978 311 4048 (3)
329 3981 406 4035 b'ous
426 4001 545 4053 pensons
562 4002 617 4056 que
634 3984 658 4037 la
676 3983 788 4056 portion
809 3980 1040 4036 semi-circulaire
1056 3979 1092 4035 tle
1109 3979 1246 4035 bitiment
1260 3978 1310 4052 qui

239 4071 323 4122 ariste
332 4082 412 4124 entre
422 4069 526 4144 l'cglise
538 4072 656 4127 actuelle
668 4082 697 4127 et
708 4070 805 4126 t’tiotet
816 4070 852 4125 de
863 4069 888 4125 la
900 4071 1008 4136 mairie,
1023 4079 1065 4125 est
1078 4067 1192 4123 l'abside
1201 4077 1312 4140 septem

240 4160 357 4214 trionalt·
367 4162 401 4214 du
414 4175 457 4217 cet
468 4163 575 4218 adiice.
591 4162 637 4219 On
649 4165 701 4219 seit
711 4182 766 4237 qne
777 4165 849 4218 saint
859 4161 955 4216 Pierrc
966 4160 1034 4218 e'tait
1042 4159 1069 4215 le
1081 4170 1179 4233 patron
1191 4155 1315 4232 primitis

240 4248 273 4301 tlt·
287 4252 419 4304 l'ttlaliatu.
