3016 5242
471 497 587 560 LIBER
609 497 767 558 SEXTUS.
1115 501 1148 554 ll

84 631 184 704 olera
196 629 350 728 colligit,
362 627 546 728 pulmenta
555 627 692 716 condit,
705 626 883 726 legumina
897 622 1065 699 infundit.
1076 626 1152 723 Ipsa

86 772 176 820 vero
186 746 388 823 refectionis
401 745 502 832 bora,
515 745 611 821 nulla
625 744 885 819 interveniente
897 767 1013 829 mora,
1025 757 1150 815 cuncta

87 862 182 935 laute
213 875 412 960 praeparata
443 858 614 933 fratribus
642 859 854 958 anteponit3
877 856 1010 959 jejunia
1032 855 1152 929 conti-

88 1005 221 1066 nuans,
252 979 342 1052 lares
366 979 464 1052 foret
485 994 523 1051 et
544 977 712 1055 custodit.
738 980 816 1077 lpse
832 977 947 1076 pistor
969 973 1149 1049 clibanum

89 1095 265 1185 calefacit,
288 1120 397 1195 panes
414 1096 570 1195 imponit
585 1112 621 1174 ct
637 1111 757 1172 coctos
770 1093 938 1171 extrahit.

132 1211 324 1304 Quondam
337 1239 406 1311 pro
419 1216 566 1312 penuria
583 1215 785 1314 lignorum,
801 1211 845 1287 ad
855 1209 1082 1312 coquendum
1095 1238 1152 1310 pa·

87 1353 159 1415 nce,
178 1345 358 1405 sarmenta
373 1331 555 1430 congerit,
572 1331 739 1429 stipulam
756 1330 913 1430 colligit,
928 1345 965 1402 et
976 1327 1150 1429 quidquid

85 1472 211 1520 manus
237 1445 395 1551 invenit,
415 1447 451 1518 in
470 1450 651 1523 caminum
675 1449 749 1525 cito
767 1447 930 1546 projicit,
949 1472 990 1520 ac
1008 1447 1152 1521 fortiter

86 1564 264 1653 calefacit;
284 1590 437 1665 cumque
452 1590 595 1640 servum
607 1567 672 1639 Dei
688 1581 827 1664 tempus
844 1562 1075 1637 vehementer
1085 1587 1151 1634 ur-

86 1697 204 1780 geret,
223 1705 378 1782 eumque
395 1682 502 1755 nimis
518 1683 693 1757 introrsus
706 1681 937 1781 redargueret
952 1678 1049 1780 quod
1063 1676 1149 1750 hora

84 1796 266 1873 reficiendi
282 1799 408 1873 fratres
421 1798 681 1900 aliquantulum
698 1800 921 1898 preteriret,
937 1822 1003 1871 nec
1015 1795 1076 1869 ille
1088 1793 1150 1869 ha·
1279 1880 1282 1885 Α

83 1911 184 1987 beret
196 1911 292 1987 unde
300 1916 482 1988 fornacem
493 1914 674 1991 cineribus
684 1913 923 1992 evacuandam
932 1925 1147 2011 extergeret,

83 2029 266 2105 Christum
281 2031 435 2132 invocat,
455 2033 559 2131 signo
572 2014 697 2113 Crucis
708 2033 885 2120 munitur,
898 2028 1057 2105 madium
1069 2029 1149 2102 for·

84 2149 178 2221 nscia
190 2148 319 2236 intrat,
335 2165 371 2221 et
383 2151 505 2222 omnia
516 2175 598 2249 quae
612 2148 661 2223 ibi
678 2146 812 2250 agenda
826 2165 943 2238 erant,
958 2147 1151 2245 diligenter

85 2263 212 2338 illoesm
232 2284 428 2365 praeparat.
458 2265 640 2340 Carbones
667 2263 770 2340 nudis
794 2265 959 2339 manibus
982 2262 1147 2363 projicit,

84 2381 195 2455 illaeso
208 2383 385 2481 scapulari
403 2384 542 2457 cineres
558 2384 725 2482 exponit,
743 2383 832 2455 lares
844 2397 961 2480 aptat,
980 2396 1016 2452 et
1029 2381 1151 2451 intro-

81 2496 266 2577 mittendis
278 2500 428 2599 panibus
442 2517 630 2600 temperat.
645 2501 703 2574 Sic
714 2500 927 2575 Gnillelmus
940 2499 978 2572 in
993 2499 1075 2598 igne
1087 2494 1150 2571 diu

81 2616 197 2705 stetit,
218 2641 287 2690 nec
303 2618 414 2692 ullam
431 2617 653 2695 adustionem
672 2619 708 2691 in
728 2643 882 2718 corpore
896 2641 958 2693 seu
974 2632 1070 2690 veste
1087 2639 1147 2687 sua

81 2733 243 2830 pertulit.
256 2734 381 2809 Postea
395 2735 544 2811 consilio
556 2739 709 2810 fratrum
722 2735 831 2809 abbas
842 2735 984 2808 servilia
996 2734 1027 2808 ei
1039 2756 1148 2831 opera

80 2852 233 2927 omnino
249 2850 455 2952 prohibuit;
478 2853 539 2928 sed
553 2855 709 2930 orationi
727 2870 763 2928 et
775 2868 906 2930 sancte
924 2850 1148 2927 meditationi

79 2989 207 3040 vacare
223 2970 416 3067 praeeepit,
433 2968 669 3071 idoneamque
682 2972 809 3044 cellam
823 2971 856 3043 ei
875 2968 1071 3068 deputarit.
1090 2966 1149 3040 Sic

77 3079 146 3154 din
172 3086 385 3158 exercitatus
411 3088 448 3160 in
479 3089 610 3177 activa,
631 3069 767 3187 incepit
782 3088 1004 3189 requiescere
1022 3086 1058 3157 in
1075 3084 1148 3157 vita

78 3200 363 3297 speculativa,ct
375 3219 455 3301 post
468 3204 621 3279 Marthae
632 3206 818 3280 servitium
831 3207 1069 3305 frequensque
1081 3200 1148 3277 mi·

79 3315 288 3409 nisterium,
307 3315 504 3393 delectatur
514 3348 596 3395 cum
610 3323 723 3395 Maria
741 3322 779 3394 in
792 3321 943 3420 perenni
958 3317 1109 3393 theoria.

128 3432 290 3507 Tandem
299 3434 524 3525 Gnillelmus,
536 3439 709 3537 perfectus
717 3439 922 3524 virtutibus,
929 3438 1057 3538 spiritu
1066 3462 1146 3534 pro·

77 3547 210 3645 pbetiae
222 3549 393 3642 donatur,
409 3570 445 3626 et
457 3553 587 3627 divinis
599 3556 833 3630 oraculisvita
844 3558 917 3656 cjus
928 3552 1142 3628 declaratur.

76 3662 205 3739 Obitus
216 3669 269 3740 sui
281 3667 375 3741 diem
389 3668 508 3743 abbati
527 3687 562 3744 et
572 3670 743 3744 fratribus
754 3670 937 3770 praedixit,
953 3670 1145 3768 multisque

77 3782 206 3856 vicinis
220 3786 355 3884 scripto
369 3789 475 3860 etiam
492 3788 724 3889 significavit,
745 3806 781 3863 et
803 3789 933 3863 Carolo
953 3788 1028 3888 regi
1045 3785 1145 3859 dele-

76 3884 176 3997 ga'rit
186 3905 368 3991 nuntium,
382 3920 418 3977 et
427 3906 584 4006 signum,
600 3907 698 4007 quod
712 3907 813 3982 fieret
823 3907 910 3980 dum
924 3920 1142 3990 moreretur,

75 4017 359 4093 manifestissime
376 4020 556 4097 indicarit.
578 4024 759 4113 Tandem,
785 4023 954 4099 omnibus
971 4021 1039 4094 rite
1057 4044 1143 4093 con·

74 4135 277 4221 summatis,
293 4136 461 4235 migravit
474 4138 516 4208 B.
534 4139 746 4213 Gnillelmus
758 4155 796 4213 v⁰
811 4140 882 4212 lat.
894 4138 985 4238 junii
1001 4137 1015 4233 (
1024 4137 1069 4235 r),
1084 4160 1144 4206 an·

113 4378 153 4441 (r)
169 4376 206 4431 Le
219 4376 252 4432 28
267 4379 318 4432 mai
332 4379 390 4434 812.
