3046 5244
57 456 165 533 [roso]
426 448 544 511 ananau
563 448 752 516 omivm.
1061 454 1124 517 sar
1194 416 1201 437 '

58 599 114 657 ter
127 583 300 669 saeviunt,
319 582 483 680 civesque
499 580 710 680 metropolis
730 580 907 656 Naustrioe
927 582 1128 658 vinculatos

56 698 262 789 attrahunt,
296 699 505 797 curretisque
530 695 638 771 rebus
662 698 854 797 spoliatos,
884 717 925 772 ut
953 698 1128 775 barbaros

58 816 194 903 hostes,
214 816 308 886 male
328 815 503 913 atlligunt.

104 934 199 1007 Ecce
212 931 342 1032 quibus
357 932 530 1004 aernmnis
542 930 694 1033 superba
709 932 924 1034 profligatur
941 933 1128 1009 Norman-

26 1130 32 1143 ,
57 1051 136 1136 raia,
159 1076 240 1148 quae
259 1048 365 1120 nimis
378 1047 468 1121 olim
484 1049 574 1121 ricta
592 1047 817 1149 gloriabatur
836 1048 985 1149 Anglia,
1000 1066 1039 1123 et
1057 1077 1127 1124 na·

56 1163 231 1238 turalibus
250 1167 352 1264 regni
371 1163 452 1236 liliis
472 1163 656 1238 trucidatis
673 1165 748 1238 sire
765 1165 914 1265 sugatis,
933 1165 1129 1266 usurpabat

55 1307 183 1358 eorum
210 1283 442 1380 possessiones
464 1297 500 1355 et
522 1282 685 1382 imperia.
707 1283 800 1356 Ecce
818 1308 967 1355 massam
983 1283 1128 1356 divitia-

56 1426 139 1472 rum
156 1426 243 1500 qum
257 1399 333 1471 aliis
352 1399 492 1498 rapuit,
510 1400 630 1501 eisque
647 1400 788 1498 pollens
806 1398 850 1473 ad
875 1427 975 1473 suam
998 1401 1127 1502 perni-

55 1517 148 1591 ciem
175 1517 370 1589 insolenter
389 1517 539 1603 tumuit,
559 1543 657 1591 nunc
673 1543 749 1592 non
765 1516 808 1591 ad
825 1517 1126 1592 delectamentum

55 1634 128 1723 sui,
149 1632 209 1706 sed
231 1637 350 1731 potius
367 1632 409 1705 ad
429 1649 650 1708 tormentum
667 1633 922 1709 miserabiliter
944 1632 1124 1709 distrahit.

56 1749 176 1836 Nunc,
192 1753 282 1824 sicut
296 1750 471 1849 Babylon,
485 1749 529 1823 dc
539 1750 665 1825 eodem
676 1749 772 1824 bibit
787 1752 1063 1827 tribulationum
1074 1776 1130 1829 ca·

58 1866 141 1954 lice,
162 1866 255 1938 unde
271 1867 438 1967 nequiter
456 1867 544 1941 alios
562 1868 665 1941 solita
680 1884 733 1941 est
750 1867 945 1943 inebriare.
960 1867 1054 1943 Visis
1071 1883 1127 1941 tot

55 1983 176 2073 malis,
209 2010 345 2082 pauper
376 1986 488 2083 gemit
517 1986 654 2075 clerus,
683 1984 944 2061 monachorum
978 1985 1127 2082 plorant

55 2118 192 2186 coetus,
217 2117 253 2171 et
275 2101 452 2173 desolatus
476 2098 610 2201 ubique
633 2117 768 2175 moeret
786 2101 934 2175 inermis
957 2100 1123 2199 populus.

54 2218 128 2291 Soli
144 2217 318 2318 gaudent,
336 2218 396 2291 sed
413 2246 487 2291 non
502 2216 583 2307 diu,
601 2244 668 2293 nec
680 2217 848 2311 feliciter,
865 2219 926 2319 qui
939 2219 1052 2299 furari
1064 2242 1127 2291 seu

54 2334 210 2434 praedari
226 2354 373 2434 possunt
386 2337 632 2435 pertinaciter.
651 2335 748 2410 Proh
759 2334 882 2411 dolor!
898 2334 1127 2411 sacerdotalis

54 2474 148 2551 peno
166 2449 386 2526 adnihilatur
410 2454 629 2544 reverentia,
649 2454 705 2527 cui
726 2478 818 2553 pene
830 2452 948 2526 omnis
964 2449 1125 2551 denega-

55 2583 117 2641 tur
133 2566 354 2657 obedientia,
375 2570 605 2643 veliementer
619 2573 827 2669 insurgente
842 2570 1033 2643 etlurente
1044 2594 1125 2643 ma-

54 2685 174 2759 lorum
190 2687 373 2760 uiolentia.
392 2688 442 2760 Ut
458 2688 544 2789 quid
564 2690 600 2765 in
612 2687 777 2761 Neustria
794 2702 934 2759 tautum
950 2684 1123 2759 ell'renata

52 2801 140 2873 furit
166 2804 340 2899 Eryrinis,
370 2804 625 2905 indigenasque
656 2804 888 2877 Nomaunos
913 2800 1121 2900 proculcat,

53 2918 257 3019 subigitque
276 2920 410 2993 ruinis?
433 2924 522 3015 Quia
545 2924 582 2995 iu
611 2920 736 2994 diebus
766 2921 837 2994 illis
862 2946 934 2994 nou
958 2935 1037 2992 erat
1061 2943 1124 2992 rex

55 3062 171 3137 ueqim
200 3037 272 3109 dux
300 3040 523 3125 Jerusalem,
558 3040 746 3140 aureisque
778 3037 901 3112 vitulis
929 3036 1125 3110 Jcroboam

55 3153 199 3225 rebellis
217 3153 316 3252 plebs
345 3155 553 3228 immolabat
573 3155 609 3227 in
634 3156 712 3228 Dan
734 3173 770 3228 et
786 3153 910 3228 Bethel
929 3158 993 3249 (ι).
1020 3150 1125 3226 Unde

56 3286 334 3370 transgressores
352 3273 456 3372 legis,
484 3272 530 3345 ab
546 3300 651 3347 eruca
673 3291 709 3346 et
726 3273 865 3346 brucho
884 3289 920 3343 et
938 3274 1071 3345 locusta
1088 3287 1126 3344 et

56 3387 224 3489 rubigine
243 3417 422 3479 comesos,
442 3391 582 3490 plangit
598 3407 634 3463 et
648 3390 819 3464 hortatur
835 3389 915 3461 Joel
934 3389 1004 3487 (a)
1026 3386 1126 3481 Qua·

58 3520 139 3577 tuor
160 3504 213 3575 liis
229 3505 388 3578 cladibus
405 3533 423 3577 a
438 3504 613 3604 propheta
627 3506 778 3604 prolatis
794 3504 1017 3577 denotantur
1031 3529 1125 3603 qua-

58 3636 139 3694 tuor
168 3623 277 3694 animi
310 3624 488 3722 passiones
508 3652 516 3694 :
536 3640 652 3696 metus
677 3640 714 3696 et·
740 3620 933 3723 cupiditas,
958 3618 1127 3695 doloret

58 3739 235 3835 gaudium.
258 3740 372 3812 hletus
385 3758 421 3813 et
438 3739 611 3838 cupiditas
623 3739 776 3813 humana
791 3738 989 3839 praecordia
1002 3738 1127 3811 stimu-

61 3853 131 3928 lant
145 3874 181 3928 et
198 3859 420 3949 corrodunt,
436 3858 630 3960 eademque
647 3858 767 3933 lethali
782 3857 912 3959 gaudio
927 3884 987 3931 seu
1003 3854 1123 3929 dolori

58 4032 171 4048 b-
194 4042 207 4047 -
242 4042 249 4048 .
263 4043 267 4047 .
281 4043 297 4049 -.
372 4044 405 4050 ...
449 4043 458 4050 ι
477 4044 536 4051 .-..
552 4043 667 4052 ..-υ-

92 4151 131 4211 (ι)
148 4163 176 4198 ιιι
195 4147 263 4217 Rrg.
279 4166 326 4202 ara.

95 4238 133 4300 ta)
146 4235 222 4294 lael,
238 4254 260 4303 ι,
279 4243 303 4303 l.
