3046 5244
448 448 565 509 LIBER
586 448 773 510 ottavus.
1082 444 1143 515 {⁴5

73 574 231 652 lusentes
251 580 287 650 in
306 580 502 678 caliginoso
525 580 627 667 loco,
655 579 829 651 renitent.
847 578 954 651 Omni
980 595 1145 678 tempore

72 698 215 769 silentio
245 695 411 784 student,
440 697 566 769 fucatis
595 695 751 769 vestibus
780 698 835 795 (1)
864 721 938 770 nou
969 713 1140 786 utuntur,

72 813 238 885 manibus
251 815 408 911 propriis
422 811 608 903 laborant,
624 815 831 914 victumque
846 812 912 885 sibi
925 829 962 886 et
974 814 1141 887 vestitum

72 932 269 1005 vindicant.
299 930 475 1004 Omnibus
494 931 639 1022 diebus,
662 950 796 1032 praeter
816 932 1070 1022 Dominicum,
1095 930 1143 1005 ab

75 1048 190 1120 idilrus
203 1047 414 1146 septembris
428 1052 483 1148 (a)
500 1050 668 1150 usquead
682 1049 812 1123 Pascha
826 1051 1001 1151 jejunant.
1016 1050 1144 1124 Aditus

71 1193 154 1239 suos
171 1168 253 1238 satis
270 1164 458 1257 obserant,
477 1184 514 1240 et
529 1185 663 1241 secreta
681 1196 742 1241 sua
761 1193 989 1266 summopere
1008 1168 1140 1243 celant.

72 1282 222 1354 Nullum
238 1284 384 1354 alterius
400 1284 557 1356 ecclesiae
573 1283 790 1356 monachum
808 1284 845 1356 iu
862 1284 934 1357 suis
953 1284 1154 1383 penetrali.

72 1397 139 1470 bns
164 1398 379 1486 admittunt,
405 1425 471 1472 nec
495 1401 531 1472 iu
549 1401 750 1472 oratorium
769 1398 814 1472 ad
832 1400 975 1475 missam
994 1401 1051 1473 vel
1074 1401 1142 1473 alia

72 1515 216 1585 servitia
254 1540 374 1586 secum
414 1512 553 1613 ingredi
595 1516 826 1614 permittunt.
862 1514 969 1587 Multi
1003 1512 1143 1589 nobiles

72 1631 217 1702 athletae
247 1649 283 1703 et
311 1630 478 1729 profundi
506 1630 674 1731 sophistae
703 1631 747 1705 ad
776 1632 857 1705 illos
885 1658 955 1731 pro
983 1633 1143 1707 novitate

72 1748 327 1845 singularitatis
347 1765 633 1840 concurrerunt,
658 1766 695 1822 et
717 1750 920 1823 inusitatam
940 1748 1142 1822 districtio-

74 1890 156 1935 nem
184 1864 283 1936 ultro
310 1865 597 1962 complexantes,
629 1867 666 1937 iu
691 1865 748 1937 via
777 1881 872 1937 recta
899 1864 971 1935 laeti
997 1863 1142 1937 Christo

73 1977 223 2075 hymnos
253 1980 387 2051 laetitiae
413 1980 584 2054 modulati
610 1983 771 2054 suerunt.
797 1982 838 2052 lu
864 1980 1011 2053 desertis
1035 1996 1143 2079 atque

70 2096 293 2169 silvestribus
314 2099 402 2170 locis
424 2100 637 2173 monasteria
660 2101 812 2198 proprio
830 2098 953 2171 labore
969 2096 1144 2173 condide-

72 2230 176 2303 runt,
195 2231 231 2287 et
244 2241 341 2288 saera
357 2216 426 2288 illis
440 2219 586 2290 nomina
603 2217 725 2290 solerti
740 2217 949 2315 provisione
962 2216 1141 2314 imposue-

72 2348 178 2420 runt,
199 2349 238 2403 ut
254 2350 306 2405 est
322 2335 458 2407 Domus
474 2336 559 2425 Dei,
577 2333 804 2422 claravallis,
826 2334 949 2407 Burrus
965 2332 1089 2422 Mons,
1106 2347 1144 2404 et

69 2449 303 2548 Eleemosynae
321 2456 391 2546 (dl,
417 2467 452 2523 et
471 2452 538 2523 alia
556 2453 659 2550 plura
678 2449 902 2551 hujusmodi,
922 2448 1054 2551 quibus
1073 2476 1141 2521 au·

69 2567 205 2640 ditores
234 2570 312 2641 solo
340 2570 497 2642 nominis
530 2586 671 2643 nectare
703 2571 903 2643 invitantur
932 2569 1142 2641 festinanter

69 2685 225 2781 experiri
253 2700 385 2784 quauta
411 2685 457 2757 sit
481 2684 529 2756 ibi
558 2683 762 2773 beatitudo,
787 2711 869 2785 qnae
894 2701 967 2756 tam
996 2683 1140 2783 speciali

68 2798 261 2872 denotetur·
279 2799 467 2874 vocabulo.

105 3070 144 3135 (1)
158 3068 319 3120 terramus
333 3068 426 3120 teints.

107 3160 146 3224 ga)
162 3158 197 3208 l.e
216 3155 246 3210 15
260 3156 425 3229 septrrulrre.

108 3244 145 3315 (5)
162 3247 195 3299 Lu
214 3248 420 3312 Maisan-lura,
436 3245 535 3317 depuis
547 3244 661 3316 appelle
673 3246 798 3307 it'oirlac,
815 3262 964 3299 commune
975 3244 1043 3299 dela
1055 3243 1144 3300 Celle-

74 3336 193 3405 Bruti·r·o
215 3337 466 3403 ((21u·r)÷Damus
487 3336 541 3388 Dei
559 3354 646 3403 supra
668 3336 785 3393 Carum,
805 3344 904 3406 posim
922 3336 1015 3407 Niger·
1033 3335 1140 3401 Lacus,

72 3425 175 3496 abbaye·
189 3426 223 3478 ‹lr
236 3425 337 3479 l'nrdrr
352 3425 386 3479 do
402 3426 533 3490 Citraux,
551 3422 652 3477 loudie
666 3443 726 3479 sets
743 3423 822 3489 1156,
839 3434 868 3476 et
881 3441 936 3476 non
951 3442 998 3496 pas
1010 3440 1044 3476 en
1060 3417 1140 3489 1156,

70 3533 180 3568 conrun·
191 3516 216 3569 le
232 3518 325 3570 (inilia
340 3522 351 3568 l
356 3517 500 3569 'lunaticum
511 3514 537 3568 le
549 3513 606 3579 dit,
619 3517 636 3568 'a
647 3524 718 3578 tort,
732 3514 840 3586 tl'apris
850 3511 875 3565 la
885 3511 949 3566 date
961 3511 996 3567 de
1009 3512 1034 3565 la
1047 3512 1143 3569 charte

71 3602 108 3656 dr
123 3606 325 3659 confirmation.
342 3604 461 3670 llobert,
478 3623 566 3659 neren
578 3601 614 3658 de
628 3605 700 3658 saint
713 3600 850 3667 Burnum,
867 3620 902 3654 eu
919 3601 963 3657 lut
978 3602 1004 3657 le
1022 3603 1144 3675 premier

71 3692 153 3747 abbr.

108 3780 266 3848 (Ilairraux,
283 3783 366 3837 lande
379 3803 414 3838 en
432 3784 513 3850 1115,
528 3801 578 3855 par
590 3782 662 3836 saint
675 3780 812 3848 Bernard,
826 3779 896 3835 dans
908 3799 946 3836 un
961 3781 1017 3837 lien
1031 3786 1144 3837 nomme

71 3870 98 3924 le
111 3872 151 3923 tal
166 3871 340 3926 dabuntur.

109 3960 241 4031 L'alrbaye
256 3963 289 4016 «le
304 3965 457 4030 ltunnroat,
474 3962 528 4017 srlle
543 3959 578 4015 de
589 3959 752 4031 elain-aux,
767 3961 855 4014 situee
868 3960 937 4014 dans
949 3959 975 4013 le
986 3959 1095 4014 diocese
1107 3960 1143 4018 de

71 4052 200 4115 Geni-se,
217 4065 244 4107 ut
256 4056 356 4109 tanum
372 4055 396 4108 lo
410 4075 425 4130 7
437 4056 501 4127 juin
518 4050 593 4108 1151.

110 4142 278 4210 Ι,Ἀ11111ὸηε,
293 4164 330 4198 ou
340 4143 365 4198 le
377 4144 596 4207 Petit-Citeaux,
610 4140 710 4195 londria
721 4156 782 4194 vers
795 4153 872 4207 1111,
881 4156 933 4211 par
942 4136 1075 4193 Thibaud
1088 4139 1141 4211 Ν,

71 4244 166 4288 comte
179 4232 214 4287 de
229 4234 315 4301 Blois,
331 4237 345 4288 a
360 4247 460 4308 quatre
473 4234 559 4289 lienes
572 4232 601 4287 S.
615 4232 644 4287 S.
659 4232 691 4287 E.
705 4230 741 4285 de
752 4227 947 4287 caenandum
