3046 5244
225 469 334 548 [roos]
625 465 742 528 uum
763 466 902 529 nouus.
1241 466 1298 531 tot

224 596 395 672 bentibus
407 598 549 687 Turcis,
561 624 638 670 cam
651 600 899 698 imperlectam
906 600 1117 698 reliquerat.
1130 598 1305 673 soliman·

228 743 295 789 nus
319 739 426 802 vero,
455 715 556 788 victis
582 713 843 816 Allobrogibus
868 732 905 788 et
929 715 1140 790 Alemannis
1168 716 1302 805 elatus,

228 831 1304 932 chevetotem,Nicaeaevicinam,detriumphosecurus‚cum

229 950 313 1037 suis,
330 950 406 1048 jam
420 949 473 1020 nil
492 950 559 1021 nisi
578 951 790 1049 sanguinem
805 949 1028 1040 sitientibus,
1044 949 1149 1041 adiit,
1168 966 1305 1025 etcum

228 1091 362 1164 magno
388 1067 524 1165 impetu
546 1091 653 1166 super
676 1066 799 1142 Gallos
825 1068 945 1141 irruit.
970 1066 1098 1140 Petrus
1118 1068 1217 1141 enim
1229 1069 1304 1168 jam

230 1183 584 1281 Constantinopolim
603 1181 777 1273 redierat,
794 1186 968 1285 quoniam
986 1184 1090 1257 illum
1106 1185 1305 1257 auscultare

230 1328 290 1373 sua
305 1299 435 1374 cohors
450 1325 525 1373 non
538 1299 803 1400 adquiescebat.
816 1300 983 1374 Elsrenes
994 1317 1115 1376 autem
1126 1302 1236 1375 Turci
1250 1326 1306 1374 su·

231 1416 310 1491 bito
323 1434 572 1506 accurrerunt,
588 1420 735 1519 egregio
746 1418 855 1492 militi
866 1417 1054 1492 Gualterio
1064 1421 1133 1517 (r),
1149 1419 1304 1518 principi

231 1535 369 1607 militiae
379 1591 390 1624 ,
413 1536 554 1636 suisque
571 1537 881 1612 commilitonibus
898 1537 1140 1611 obviaverunt
1153 1538 1227 1636 (α),
1252 1539 1305 1637 ip-

231 1677 381 1752 sumque
409 1678 493 1724 cum
518 1653 661 1745 multis,
679 1654 763 1754 quia
789 1654 954 1753 imparati
979 1669 1101 1743 erant,
1120 1654 1223 1728 laeile
1238 1652 1306 1727 de-

233 1785 505 1842 truncaverunt.
519 1770 754 1844 Guillelmum
763 1795 864 1857 rem,
876 1773 1027 1844 fratrem
1036 1772 1125 1871 ejus,
1136 1796 1220 1844 eum
1227 1770 1307 1871 qui·

231 1885 381 1958 busdam
403 1888 481 1959 aliis
502 1888 799 1961 vulneraverunt.
821 1888 874 1960 lbi
902 1890 1012 1961 etiam
1036 1886 1307 1962 decollaverunt

231 2002 423 2104 quemdam
435 2005 580 2078 Domini
591 2004 828 2094 sacerdotem,
839 2007 1029 2078 missarum
1039 2007 1212 2079 solemnia
1227 2031 1308 2105 sup-

233 2122 378 2222 pliciter
392 2122 649 2197 celebrantem.
660 2123 697 2195 Si
711 2124 773 2223 qui
788 2121 939 2197 evadere
953 2124 1026 2196 vivi
1039 2138 1251 2223 potuerunt,
1270 2121 1307 2195 in

235 2237 365 2311 urbem
374 2238 557 2338 sugerunt,
568 2240 627 2312 vel
640 2240 678 2312 in
689 2240 854 2331 carectis,
864 2238 1047 2329 autsilvis‚
1058 2239 1309 2312 reumontanis
1424 2282 1433 2305 .

234 2354 584 2430 delituerunt.Pauci
595 2354 1310 2460 vero,quicastellummtsedelenderent,

237 2488 449 2560 tenuerunt,
477 2476 612 2549 multos
639 2474 886 2550 obsidentium
921 2492 1169 2575 peremerunt.
1199 2475 1309 2548 Turei

235 2591 330 2692 ligna
358 2593 624 2692 quamplurima
654 2591 906 2695 undecumque
934 2594 1153 2683 attulerunt,
1184 2594 1311 2666 incen-

234 2708 334 2782 dium
352 2711 498 2784 castello
511 2727 548 2784 et
566 2710 773 2786 hominibus
789 2729 1101 2813 praeparaverunt.
1116 2712 1310 2786 Christiani

235 2843 377 2913 autem,
394 2845 553 2901 extrema
565 2833 640 2929 jam
661 2833 696 2904 in
709 2830 958 2931 desperatione
976 2832 1104 2930 positi,
1123 2830 1313 2904 animosio

237 2970 292 3017 res
304 2945 472 3017 audacter
485 2949 603 3045 iguem
617 2951 654 3021 in
669 2950 765 3048 ligna
779 2966 864 3022 sunt
871 2951 1029 3049 jaculati.
1041 2950 1100 3022 Sic
1113 2950 1313 3050 igitur-eva·

237 3078 362 3134 serunt
380 3063 599 3135 incendium.
620 3064 677 3138 Ex
701 3067 862 3165 utrisque
880 3069 1068 3166 perierunt
1091 3065 1261 3165 plurimi,
1279 3080 1315 3138 et

240 3177 308 3250 boc
327 3179 480 3276 contigit
497 3204 619 3251 mense
636 3179 789 3253 octobri.
806 3183 931 3255 Plures
945 3210 987 3254 ex
1004 3182 1208 3280 peregrinis
1224 3204 1315 3278 pro-

240 3298 314 3395 lugi
336 3296 541 3378 redierunt,
559 3315 596 3370 et
612 3298 837 3398 sequacibus,
859 3301 921 3400 qui
939 3298 1054 3372 adhuc
1070 3301 1160 3372 citra
1177 3300 1315 3395 Byzan·

243 3430 321 3486 tum
335 3431 446 3487 castra
464 3418 587 3488 metati
605 3418 765 3507 fuerant,
784 3443 882 3491 casus
902 3443 983 3489 suos
1001 3417 1218 3488 retulerunt.
1242 3416 1316 3487 lm-

244 3549 390 3632 perator
407 3535 572 3607 omnium
591 3537 679 3607 emit
694 3561 812 3623 arma,
828 3552 869 3607 ut
884 3536 1038 3608 inermes
1059 3532 1186 3607 incolis
1199 3533 1319 3604 minus

245 3676 376 3723 nocere
394 3669 538 3750 possent
563 3656 600 3725 in
623 3656 770 3754 regione
793 3654 924 3726 aliena.
948 3652 1020 3724 Alii
1039 3653 1126 3725 alios
1148 3666 1320 3750 expecta-

245 3766 352 3856 bant,
370 3786 409 3840 ut
428 3770 578 3844 consilio
596 3774 882 3857 communicato,
899 3770 1133 3843 auxiliaribus
1148 3769 1229 3841 steti
1248 3767 1320 3840 du-

246 3883 364 3969 cibus,
387 3903 423 3958 et
443 3890 553 3986 copiis
571 3891 691 3988 stipati
714 3890 949 3977 militaribus,
968 3890 1084 3962 Deum
1100 3885 1267 3987 precibus
1284 3902 1322 3958 et

252 4037 377 4047 ———--
403 4042 411 4047 .
438 4042 565 4051 ...--.,
597 4044 841 4054 ....,....-.---
863 4042 1018 4051 -.—--..-
1043 4042 1097 4048 .--

284 4110 292 4163 l
300 4110 322 4157 tl
336 4107 643 4163 (lautior-Sans-Asoir.
664 4110 756 4180 l'opea
770 4110 918 4169 ci-‹lessus,
936 4127 964 4179 p.
979 4110 1041 4181 478.

285 4198 323 4264 (a)
340 4197 376 4249 u.
392 4197 521 4250 lliclaainl
538 4198 612 4268 placo
633 4199 658 4251 lc
673 4199 781 4255 tln'rltre
799 4201 834 4254 dr
849 4220 880 4254 cc
894 4198 1004 4253 combat
1017 4204 1031 4250 a
1044 4200 1085 4253 sia
1098 4197 1184 4251 lienes
1198 4200 1212 4250 a
1226 4195 1323 4250 l'onest

253 4285 288 4338 dc
301 4286 403 4349 Nicer,
418 4299 496 4343 entre
512 4289 536 4341 lc
549 4289 590 4344 lac
604 4295 739 4345 Ascanius
750 4303 779 4347 ct
791 4292 817 4346 le
830 4291 927 4361 village
942 4300 1002 4343 turc
1017 4288 1052 4343 dc
1068 4286 1245 4343 [laser-lieni.
