3046 5244
238 414 301 473 ns
458 408 644 471 nrsroan
667 406 977 471 ecccusnsnca.
1002 406 1309 485 [samson]

240 556 348 631 runt,
365 556 403 615 et
417 538 558 615 duobus
574 564 618 613 ex
637 538 720 639 ipsis
737 538 990 639 apprehensis,
1008 560 1123 639 usque
1140 534 1187 611 ad
1204 560 1310 611 aab

239 660 352 733 citum
369 684 474 731 suum
491 661 718 759 fugaverunt.
733 656 944 743 Christiani,
958 671 1042 757 post
1054 654 1162 729 illum
1179 680 1311 729 excur-

237 803 317 849 sum
330 774 375 849 ad
386 792 500 849 castra
515 777 671 865 reversi,
686 790 793 850 nocte
807 774 868 847 illa
880 774 1118 875 quieverunt,
1133 772 1205 847 nisi
1216 770 1311 873 quod

238 894 359 993 potius
388 918 513 967 omnes
542 892 700 966 excubiis
730 908 767 966 et
794 891 1021 967 orationibus
1051 890 1308 965 incubuerunt.

238 1012 328 1085 Sero
345 1012 463 1111 palam
479 1010 649 1085 omnibus
666 1039 686 1086 a
711 1008 911 1111 patriarcha
938 1006 1175 1083 interdictum
1190 1024 1245 1083 est
1268 1034 1312 1083 ne

239 1130 337 1229 quis,
368 1131 404 1203 in
430 1130 629 1203 crastinum
651 1147 896 1230 pugnaturus,
913 1144 998 1201 ante
1024 1126 1164 1201 bellum
1191 1126 1312 1227 spoliis

239 1248 419 1320 ullatenus
437 1244 642 1320 intenderet
657 1246 883 1346 diripiendis.

290 1363 407 1436 Xl'll.
418 1364 502 1436 Sole
511 1379 609 1451 orto,
621 1361 738 1461 pridie
749 1362 973 1463 idusaugusti
984 1363 1056 1461 (ι),
1068 1386 1170 1435 sacra
1180 1358 1311 1435 Christi

239 1479 370 1554 cohors
382 1477 513 1552 vallem
531 1504 630 1551 secus
644 1506 757 1568 mare,
770 1482 926 1553 formosa
942 1479 1093 1578 planitie
1105 1492 1310 1565 venustam,

241 1600 408 1685 intravit,
434 1613 472 1669 et
497 1597 570 1671 illic
591 1624 652 1671 sex
684 1600 776 1672 acies
804 1595 1001 1671 ordinavit.
1029 1596 1107 1669 hex
1134 1612 1174 1670 et
1195 1620 1313 1671 comes

240 1714 559 1801 Normannorum,
587 1714 806 1803 Tolosanus,
827 1711 1057 1786 Flandrensis
1075 1726 1113 1786 et
1132 1710 1311 1797 Guaston,

240 1831 452 1904 Eustaelrius
486 1846 523 1903 et
557 1830 788 1921 Tancrnlus,
825 1831 953 1904 turmis
994 1830 1244 1930 praefuerunt,
1278 1844 1314 1903 et

239 1949 485 2050 uuusquisque
512 1950 715 2049 sagittarios
738 1948 945 2049 peditesque
966 1974 1049 2021 suos
1072 1947 1230 2022 solerter
1255 1948 1312 2022 iu-

240 2068 385 2139 struxit.
411 2065 500 2165 lpsis
516 2067 637 2165 itaque
650 2067 864 2165 praemissis,
885 2064 1107 2165 pedetentim
1124 2080 1313 2167 pergentes

240 2184 441 2259 edocebant
465 2184 621 2285 qualiter
645 2185 909 2272 occlamarent,
932 2184 1087 2283 qualiter
1105 2182 1310 2271 obstarent,

240 2304 398 2402 qualiter
410 2301 704 2401 impenetrabiles
715 2304 880 2377 inimicos
891 2300 1054 2377 seriendo
1065 2318 1312 2402 penetrarent,

241 2450 283 2493 uc
300 2437 341 2493 ut
355 2418 399 2493 ad
415 2448 476 2493 sua
495 2420 594 2519 signa
610 2418 701 2494 nihil
721 2437 927 2495 reverentes
941 2422 1154 2523 frequenter
1167 2422 1314 2521 respice·

242 2556 344 2627 rent,
367 2554 404 2612 et
423 2538 556 2637 seipsos
579 2537 622 2612 ad
645 2539 736 2612 ictus
753 2536 899 2612 hostiles
913 2536 1136 2613 sufferendos
1151 2536 1313 2614 obdun-

240 2672 345 2747 rent,
370 2656 455 2731 licet
471 2654 686 2730 haecomnia
704 2656 742 2730 in
758 2657 837 2730 aliis
852 2654 957 2729 bellis
978 2654 1072 2731 bene
1093 2658 1205 2759 gestis
1222 2654 1312 2731 didi·

240 2791 384 2847 cissent.

288 2892 365 2965 Nec
381 2893 502 2965 minus
518 2918 538 2965 e
555 2894 704 2991 regione
717 2891 870 2990 gentiles
881 2892 1061 2965 cuneatim
1076 2890 1190 2965 stellis
1207 2892 1311 2967 inuu-

238 3007 488 3083 merabiliores
512 3006 769 3093 ‹lensabantur,
796 3023 834 3080 et
856 3034 921 3107 per
944 3008 1087 3109 agmina
1112 3008 1312 3081 innumere

238 3126 442 3223 legionesa
469 3121 581 3195 latere
608 3122 645 3196 in
676 3123 768 3195 latus
795 3122 1097 3197 extendebantur.
1125 3124 1312 3225 AEtbiopes

235 3258 357 3315 autem
378 3240 651 3341 praemiserunt,
676 3264 767 3340 quos
789 3238 825 3312 in
845 3239 925 3313 looo
940 3254 1163 3330 statuerunt,
1182 3264 1312 3343 eosque

234 3362 408 3434 immotos
424 3384 571 3432 manere
583 3358 862 3431 mandaverunt.
880 3359 939 3445 lli,
955 3356 1110 3457 genibus
1128 3356 1231 3433 humi
1246 3360 1311 3433 de·

232 3476 335 3567 lixis,
358 3477 488 3551 dextro
504 3492 625 3549 tamen
642 3476 862 3574 postposito,
881 3474 1061 3549 ancilibus
1075 3502 1234 3577 corpora
1252 3502 1310 3551 s*

265 3754 306 3819 (ι)
322 3751 358 3805 Ιι.Ι
372 3748 505 3803 rendretli
524 3766 553 3801 ra
569 3748 646 3801 aotit.
660 3750 704 3801 hu
718 3746 774 3801 lieu
790 3746 826 3801 de
839 3757 913 3801 cette
927 3746 1004 3811 alate,
1021 3745 1086 3801 lim
1101 3774 1105 3779 ·
1121 3746 1149 3803 ie
1160 3748 1310 3805 ali-nub

233 3846 263 3909 sd
281 3844 355 3895 attuit.
380 3842 467 3895 Notn·
486 3849 595 3901 attteur,
615 3840 695 3911 apris
712 3856 783 3891 nom
799 3840 876 3892 avoir
891 3835 969 3911 parle
984 3837 1021 3890 de
1036 3856 1077 3891 nx
1091 3856 1175 3913 «ιι-μ
1188 3838 1311 3895 d'm

226 3932 401 3993 seulement,
419 3948 489 3983 nisus
504 3928 610 3997 signali·
626 3940 685 4000 sept
701 3928 790 3983 elrels.
805 3926 827 3981 ll
843 3930 929 3999 pauit
945 3946 1001 4001 que
1015 3926 1041 3981 le
1053 3930 1215 4003 :loquitu
1228 3948 1311 4005 ιαμ

227 4024 242 4075 l
243 4032 273 4075 ut
286 4020 363 4091 place
373 4038 437 4071 sarus
449 4019 488 4073 les
498 4018 624 4071 ‹mles-sd
636 4018 784 4081 lirrstachffi
799 4016 1103 4087 c·›1nr.·‹tt·tt‹»utogne,
1117 4026 1147 4073 tt
1156 4016 1184 4073 le
1195 4020 1309 4075 iud·

224 4130 289 4165 soris
314 4130 383 4165 curu
403 4110 438 4165 de
457 4108 603 4165 'l'auteixle
623 4118 651 4161 et
672 4107 707 4161 de
726 4108 834 4162 (luston
856 4128 964 4169 arunas,
986 4112 1129 4163 rotnnse'a
1151 4106 1176 4163 ln
1198 4108 1310 4167 hlffi

223 4202 241 4253 al
253 4206 351 4257 :httltna
360 4200 404 4253 lte.
