3046 5244
428 442 543 502 Ltttttt
564 443 749 503 OCTAVUS.
1063 447 1123 506 307

58 574 316 659 Cluniacensis,
337 589 440 643 aetate
458 573 665 661 mediocris,
686 598 839 672 corpore
855 598 1023 673 magnus,
1041 602 1126 650 mo-

58 692 165 764 destia
188 690 378 778 discretus,
401 690 575 787 religione
596 692 789 778 maximus,
810 692 978 787 sapientia
996 708 1033 763 et
1047 693 1127 766 elo-

58 811 205 911 quentia
220 810 434 906 praecipuus.
452 808 579 881 Adhuc
591 808 815 896 Guitbertus,
836 810 978 882 invasor
990 827 1129 909 aposto-

59 930 137 1001 licae
148 927 251 1014 sedis,
266 927 461 997 Ecclesiam
476 928 539 999 Dei
555 926 814 1014 conturbabat,
828 954 868 998 ac
881 927 1060 1001 adulando
1072 930 1127 1002 vel

57 1045 306 1146 persequendo
318 1062 465 1118 ‹trirrctos
483 1072 573 1144 quos
589 1063 744 1143 poterat,
759 1044 804 1116 ab
822 1047 958 1117 unitate
972 1049 1068 1143 pacis
1085 1045 1129 1118 ad

59 1193 161 1237 suum
187 1164 337 1236 schisma
355 1163 587 1261 pertrahebat
610 1166 677 1260 (i).
698 1163 776 1234 Odo
794 1162 987 1249 nimirum,
1010 1188 1129 1236 comes

59 1283 189 1352 Sutriae
205 1286 271 1370 (2),
284 1305 395 1377 nepos
410 1282 483 1378 ejus
495 1297 590 1366 erat,
605 1295 642 1351 et
655 1279 899 1352 ecclesiasticae
910 1280 1005 1377 pacis
1017 1282 1132 1352 lauto·

60 1424 116 1470 res
131 1395 297 1494 pluribus
316 1398 490 1493 pressuris
509 1395 710 1469 coercebat.

109 1513 277 1585 Urbarnis
295 1514 407 1611 Papa,
434 1513 586 1585 conlisus
610 1515 646 1584 in
667 1513 827 1587 Domino
847 1514 1048 1601 coelorum,
1067 1516 1130 1613 qui

61 1654 133 1701 non
154 1628 328 1727 relinquit
342 1629 481 1726 virgam
499 1644 728 1725 peccatorum
746 1654 854 1726 super
867 1645 1002 1701 sortem
1012 1630 1133 1728 justo-

61 1770 142 1815 rum
154 1746 221 1840 (3),
237 1744 334 1814 misit
350 1743 485 1841 legatos
502 1759 538 1814 et
549 1744 715 1841 epistolas
724 1744 897 1815 Romanae
911 1743 1134 1816 auctoritatis

61 1861 206 1933 Francis
227 1877 264 1933 et
285 1862 438 1948 Graecis,
459 1862 606 1960 aliisque
628 1860 794 1959 gentibus
815 1887 879 1959 per
900 1860 1030 1935 orbem
1048 1886 1134 1935 eou-

61 1980 209 2062 stitutis,
229 1993 270 2048 ut
289 1977 326 2048 in
349 1976 418 2049 fide
443 1976 617 2050 catholica
642 1976 939 2075 irrefragabiliter
962 1979 1133 2075 persiste-

62 2111 156 2179 rent,
172 2110 205 2163 et
217 2119 362 2165 omnem
375 2095 561 2166 scissuram
573 2096 679 2192 alege
690 2095 754 2166 Dei
767 2110 804 2166 et
819 2120 971 2191 corpore
983 2094 1131 2181 Christi,

61 2212 156 2310 quod
179 2227 232 2282 est
248 2212 426 2299 Ecclesia,
448 2212 574 2283 callide
592 2227 853 2309 praecaverent.
874 2213 978 2283 Solus
998 2213 1133 2284 lleuri·

61 2355 135 2416 cus,
153 2329 358 2401 Teutonum
382 2332 561 2427 princeps,
578 2344 614 2399 et
630 2328 828 2427 pedissequi
848 2327 1003 2428 ejusdem
1018 2326 1134 2400 Guid-

61 2443 166 2519 berto
179 2446 423 2519 cohaerebaut.
440 2446 532 2517 Galli
546 2471 632 2518 vero
645 2462 682 2518 et
697 2445 826 2544 Angli,
843 2447 993 2545 aliaeque
1010 2460 1133 2544 gentes

60 2588 152 2662 pene
165 2589 290 2636 omnes
307 2591 374 2662 per
390 2563 516 2636 orbem
536 2565 685 2637 Urbano
703 2566 761 2662 pie
775 2562 1081 2636 obsecundabant.

109 2681 151 2752 ln
171 2679 300 2778 Apulia
322 2707 447 2753 omnes
473 2681 677 2754 Normanni
704 2680 884 2755 catholico
910 2682 1016 2779 Papae
1041 2705 1133 2752 con-

64 2798 222 2871 corditer
237 2797 416 2871 favebant.
435 2799 572 2870 Verum
587 2801 682 2872 inter
696 2824 732 2870 se
748 2799 973 2870 truculenter
988 2795 1133 2870 disside-

63 2913 168 3004 bant,
190 2933 225 2987 et
239 2917 366 2988 fratres
384 2917 464 3013 plus
479 2942 587 3015 (quam
600 2918 716 2988 civilia
732 2915 825 2987 bella
845 2917 997 2988 uicissim
1013 2942 1135 2989 conse-

65 3030 205 3103 rebant.
226 3033 401 3131 hogerius
417 3034 536 3119 enim,
557 3050 799 3131 cognomento
811 3033 1011 3120 Crumena,
1032 3030 1064 3102 id
1082 3046 1135 3103 est

64 3146 187 3236 bursa,
212 3148 343 3222 ducatu
362 3148 537 3220 Calabriae
559 3149 654 3220 solus
675 3176 756 3220 cum
780 3166 895 3220 matre
912 3147 1130 3246 potiebatur.

63 3264 165 3359 Quod
180 3266 407 3338 Buamuirdus
424 3269 536 3338 frater
558 3269 644 3364 ejus,
666 3266 760 3363 apud
777 3265 976 3337 Joulanum
993 3265 1134 3362 princi-

65 3409 144 3478 pem
172 3387 302 3484 Capuae
328 3387 494 3471 exulans,
516 3409 612 3483 aegre
633 3383 849 3481 patiebatur.
877 3381 978 3454 Unde
1000 3381 1134 3453 auxilio

64 3498 217 3596 ejusdem
243 3501 391 3573 Jordani
420 3501 550 3573 sororii
574 3501 646 3588 sui,
672 3500 898 3598 aliorumque
920 3514 1131 3595 parentum,

67 3615 332 3714 amicorumque
365 3641 533 3701 suorum,
558 3641 657 3686 arma
696 3631 821 3686 contra
852 3616 999 3685 fratrem
1030 3638 1133 3683 suum

70 3821 280 3834 ——--—-—-—
288 3827 537 3835 -..ὴ-ψ.
550 3826 691 3835 ————

99 3950 137 4018 (ι)
156 3951 314 4022 L'antipape
333 3952 470 4017 Guibert,
490 3954 661 4026 archevique
680 3953 715 4007 de
738 3953 881 4021 harenae,
899 3953 944 4005 «ta
963 3956 977 4003 a
994 3952 1092 4004 llrixeo
1111 3948 1133 3999 le

71 4033 100 4089 ᾗ
110 4038 171 4106 juin
190 4040 269 4104 rollo,
286 4061 320 4093 ne
333 4053 447 4096 mourut
460 4045 542 4116 qu'en
557 4044 713 4115 septembre
730 4063 805 4096 rroo.

101 4128 138 4196 (a)
153 4130 243 4188 Sutri,
260 4131 321 4182 ville
335 4134 489 4205 episcopale
504 4133 540 4186 dn
557 4135 723 4204 patrimoine
737 4133 771 4187 de
785 4136 855 4186 saint
870 4133 974 4185 Pierre.

104 4215 141 4281 1'5)
157 4219 257 4271 l'salm.
273 4240 359 4277 cxxiv,
377 4220 403 4274 3.
