3046 5244
350 426 412 485 ³70
628 422 812 482 HISTORIA
837 421 1143 483 uetztAEstasttcs.
1311 422 1426 503 [tout]

349 556 468 631 minus
495 556 643 630 cucullis
674 558 794 630 amicti
826 575 944 629 erant.
977 557 1179 631 Gemebant
1205 573 1242 629 et
1270 555 1425 655 plange-

352 676 459 763 bant,
489 693 525 747 et
553 676 720 748 nonnulli
752 675 1000 749 Galchelmum
1033 674 1257 761 vocitabant,
1286 700 1329 749 ac
1356 700 1427 773 pro

350 795 499 893 pristina
527 793 768 866 familiaritati·
793 812 832 865 ut
856 821 924 892 pro
949 820 986 867 se
1012 811 1154 878 oraret,
1178 790 1423 893 postulabant.

351 911 484 983 lllultos
502 912 675 983 nimirum
693 936 834 1009 maguae
849 911 1099 983 aestimationis
1117 909 1164 981 ibi
1185 908 1375 1008 presbyter
1389 934 1426 981 sc

349 1027 476 1101 vidisse
504 1028 646 1111 retulit,
672 1054 762 1126 (μιοιΙ
790 1027 944 1099 humana
961 1026 1088 1125 opinio
1109 1026 1248 1098 Sanctis
1266 1026 1303 1097 in
1327 1026 1427 1097 coelo

344 1147 419 1245 jam
435 1146 647 1244 coujunctos
658 1145 800 1215 astruit.
822 1146 1012 1245 llugoucm
1028 1170 1158 1243 nempe
1174 1143 1265 1216 vidit
1272 1198 1283 1231 ,
1301 1144 1426 1215 Luxo-

348 1264 506 1336 vienscm
531 1264 721 1361 praesulem
743 1264 817 1359 (r),
848 1281 884 1335 et
907 1262 1054 1335 abbates
1072 1262 1275 1361 praecipuos
1296 1290 1305 1331 e
1327 1261 1425 1333 Mai-

349 1404 477 1452 nerum
492 1378 695 1451 Uticensem
713 1381 789 1475 (a),
809 1395 917 1479 atque
936 1378 1156 1453 Gerbertum
1173 1377 1425 1450 Fontinelleu·

349 1524 422 1571 sem
443 1501 480 1595 (ἵ
508 1554 518 1586 ,
554 1497 712 1598 aliosque
740 1499 891 1587 multos,
924 1526 1014 1598 quos
1043 1498 1256 1572 nominatim
1285 1520 1425 1597 nequeo

350 1616 526 1701 recolere,
548 1641 662 1716 neque
688 1617 824 1714 scripto
847 1616 947 1690 nitor
976 1615 1113 1690 indere.
1140 1617 1326 1687 llumanus
1344 1614 1426 1715 ple-

349 1756 502 1832 rumque
518 1731 656 1804 fallitur
674 1734 842 1818 intuitus,
866 1731 926 1806 scd
942 1735 1006 1805 Dei
1029 1732 1238 1807 medullitus
1251 1732 1424 1831 prospicit

346 1851 484 1923 oculus.
502 1850 727 1921 llomocnim
741 1850 885 1922 videtin
899 1849 1002 1938 lucie,
1018 1852 1239 1923 lleusautem
1254 1850 1290 1923 in
1299 1848 1424 1924 corde.

349 1969 389 2040 lu
406 1993 519 2067 reguo
535 1983 682 2039 aetcrnae
702 1965 933 2040 beatitudinis
951 1986 1123 2068 perpetua
1142 1967 1285 2041 claritas
1303 1968 1425 2041 omnia

348 2085 516 2174 irradiat,
538 2085 658 2185 ibique
677 2088 832 2182 perlecta
851 2087 1038 2172 sauctitas,
1059 2112 1169 2158 (amare
1183 2086 1426 2159 delectamen-

348 2220 423 2276 tum
439 2201 578 2301 adepta,
599 2204 635 2275 in
653 2203 734 2274 liliis
750 2205 849 2301 regui
862 2203 1029 2276 exsultat.
1047 2202 1099 2275 lbi
1114 2203 1203 2277 nihil
1219 2202 1426 2277 inordinate

348 2322 481 2419 agitur,
504 2320 592 2393 nilail
610 2322 838 2421 inquinatum
857 2321 942 2393 illuc
957 2322 1226 2394 intromittitur.
1241 2319 1340 2393 Nihil
1352 2346 1426 2395 sor·

347 2438 486 2523 didum‚
502 2438 749 2539 honestatique
763 2440 1003 2527 contrarium,
1023 2439 1095 2511 illic
1110 2439 1305 2537 reperitur.
1320 2436 1424 2513 Unde

349 2556 525 2658 quidquid
542 2558 798 2630 inconveniens
814 2560 881 2631 dex
900 2558 1054 2630 carnalis
1069 2558 1268 2643 commisit,
1289 2582 1425 2658 purga·

352 2678 447 2749 torio
466 2677 547 2773 igne
562 2674 788 2774 decoquitur,
809 2677 987 2775 variisque
1004 2672 1298 2773 purgationibus,
1316 2690 1425 2775 prout

351 2810 508 2867 aeternus
524 2820 652 2865 censor
663 2792 843 2890 disponit,
859 2793 1088 2865 emundatur.
1106 2794 1153 2865 Et
1170 2794 1261 2865 sicut
1283 2820 1345 2865 sas
1358 2816 1425 2867 cx·

351 2928 450 2985 cocta
476 2910 643 3008 rubigine
668 2909 861 2995 mundum,
882 2928 918 2983 et
933 2910 1127 3011 diligenter
1144 2909 1304 3013 undiquc
1328 2909 1425 3013 poli·

353 3045 451 3119 tum,
478 3030 513 3101 iu
535 3027 739 3100 thesaurum
758 3027 986 3115 reconditur,
1015 3031 1065 3101 sic
1093 3030 1232 3111 anima.
1259 3030 1425 3103 omnium

353 3148 525 3219 vitiorum
542 3173 560 3217 a
579 3148 793 3242 contagione
808 3145 996 3235 mundata,
1011 3145 1213 3246 paradisum
1230 3144 1427 3221 introduci-

353 3281 426 3352 tur,
448 3264 568 3366 ibique
588 3265 688 3337 omni
706 3264 874 3336 felicitate
893 3266 1051 3362 pollens,
1072 3267 1149 3338 aine
1165 3280 1263 3339 metu
1282 3282 1319 3337 et
1340 3290 1425 3337 cura

354 3384 507 3455 tactatur,

393 3498 634 3571 Terribilibus
646 3498 726 3569 risis
736 3498 923 3597 presbyter
932 3498 1125 3573 admudum
1138 3498 1355 3599 trepidabat,
1367 3496 1427 3571 lta·

351 3615 505 3715 culoquc
520 3618 677 3703 iunixus,
695 3614 913 3688 terribiliora
929 3616 1169 3717 suspectabat.
1188 3618 1282 3691 Ecce
1302 3618 1428 3719 iugens

350 3734 527 3808 exercitus
543 3736 698 3805 militurn
715 3732 943 3832 scquclmtur,
959 3750 995 3805 ct
1015 3734 1135 3807 nullus
1152 3734 1268 3820 color,
1290 3760 1357 3807 nec
1371 3736 1425 3829 (ἦ)

383 3955 1286 4035 mffiwfflhwwmddfflmstfflnjwfflwwt

384 4044 924 4121 fqlhmunafflwchumdbnmb

383 4138 411 4195 ‘fs
435 4140 572 4197 thalui-t,
590 4135 659 4188 ablu·
672 4134 707 4185 di·
722 4134 847 4189 Sasu-tl
859 4136 921 4187 andr
932 4139 976 4190 tllt·

382 4225 1281 4299 wffiwwwmfflmeuhmwbwth.
