<?xml version="1.0" encoding="UTF-8"?>
<!DOCTYPE html PUBLIC "-//W3C//DTD XHTML 1.0 Transitional//EN"
    "http://www.w3.org/TR/xhtml1/DTD/xhtml1-transitional.dtd">
<html xmlns="http://www.w3.org/1999/xhtml" xml:lang="en" lang="en">
 <head>
  <title>
</title>
<meta http-equiv="Content-Type" content="text/html;charset=utf-8" />
  <meta name='ocr-system' content='tesseract 3.04.00' />
  <meta name='ocr-capabilities' content='ocr_page ocr_carea ocr_par ocr_line ocrx_word'/>
</head>
<body>
  <div class='ocr_page' id='page_1' title='image "./ordericivitalis00deligoog_0148.png"; bbox 0 0 3046 5244; ppageno 0'>
   <div class='ocr_carea' id='block_1_1' title="bbox 228 458 1295 742">
    <p class='ocr_par' dir='ltr' id='par_1_1' title="bbox 228 458 1295 742">
     <span class='ocr_line' id='line_1_1' title="bbox 228 458 1293 590; baseline 0.003 -21"><span class='ocrx_word' id='word_1_1' title='bbox 228 458 439 590; x_wconf 70' lang='lat' dir='ltr'><em>[ms-maj</em></span> <span class='ocrx_word' id='word_1_2' title='bbox 612 504 729 569; x_wconf 73' lang='lat' dir='ltr'><em>umen</em></span> <span class='ocrx_word' id='word_1_3' title='bbox 748 503 908 570; x_wconf 71' lang='lat' dir='ltr'><em>sextos.</em></span> <span class='ocrx_word' id='word_1_4' title='bbox 1233 511 1293 573; x_wconf 73' lang='lat' dir='ltr'><em>seo</em></span> 
     </span>
     <span class='ocr_line' id='line_1_2' title="bbox 230 636 1295 742; baseline 0 -27"><span class='ocrx_word' id='word_1_5' title='bbox 230 636 469 742; x_wconf 77' lang='lat' dir='ltr'><em>Egeldridoe,</em></span> <span class='ocrx_word' id='word_1_6' title='bbox 496 663 579 739; x_wconf 78' lang='lat' dir='ltr'><em>qua</em></span> <span class='ocrx_word' id='word_1_7' title='bbox 603 637 746 739; x_wconf 84' lang='lat' dir='ltr'><em>collega</em></span> <span class='ocrx_word' id='word_1_8' title='bbox 768 637 868 713; x_wconf 75' lang='lat' dir='ltr'><em>itttn</em></span> <span class='ocrx_word' id='word_1_9' title='bbox 890 639 1076 732; x_wconf 81' lang='lat' dir='ltr'><em>astiterat,</em></span> <span class='ocrx_word' id='word_1_10' title='bbox 1104 645 1143 714; x_wconf 88' lang='lat' dir='ltr'><em>in</em></span> <span class='ocrx_word' id='word_1_11' title='bbox 1168 640 1295 715; x_wconf 86' lang='lat' dir='ltr'><em>eadem</em></span> 
     </span>
    </p>
   </div>
   <div class='ocr_carea' id='block_1_2' title="bbox 191 756 1299 3317">
    <p class='ocr_par' dir='ltr' id='par_1_2' title="bbox 231 756 1299 1094">
     <span class='ocr_line' id='line_1_3' title="bbox 231 756 1291 858; baseline 0.001 -27"><span class='ocrx_word' id='word_1_12' title='bbox 231 757 386 832; x_wconf 73' lang='lat' dir='ltr'><em>ecelesia</em></span> <span class='ocrx_word' id='word_1_13' title='bbox 401 781 614 858; x_wconf 82' lang='lat' dir='ltr'><em>suspensas,</em></span> <span class='ocrx_word' id='word_1_14' title='bbox 638 758 748 858; x_wconf 83' lang='lat' dir='ltr'><em>quasi</em></span> <span class='ocrx_word' id='word_1_15' title='bbox 766 756 973 831; x_wconf 77' lang='lat' dir='ltr'><em>memoriale</em></span> <span class='ocrx_word' id='word_1_16' title='bbox 990 759 1085 831; x_wconf 91' lang='lat' dir='ltr'><em>tanti</em></span> <span class='ocrx_word' id='word_1_17' title='bbox 1107 759 1291 851; x_wconf 84' lang='lat' dir='ltr'><em>miraculi,</em></span> 
     </span>
     <span class='ocr_line' id='line_1_4' title="bbox 233 873 1299 978; baseline 0.006 -31"><span class='ocrx_word' id='word_1_18' title='bbox 233 875 283 947; x_wconf 81' lang='lat' dir='ltr'><em>etl</em></span> <span class='ocrx_word' id='word_1_19' title='bbox 289 877 425 978; x_wconf 81' lang='lat' dir='ltr'><em>populi</em></span> <span class='ocrx_word' id='word_1_20' title='bbox 439 873 687 977; x_wconf 73' lang='lat' dir='ltr'><em>spectaculum</em></span> <span class='ocrx_word' id='word_1_21' title='bbox 698 881 889 976; x_wconf 81' lang='lat' dir='ltr'><em>posuimus</em></span> <span class='ocrx_word' id='word_1_22' title='bbox 893 908 911 962; x_wconf 91' lang='lat'><em>;</em></span> <span class='ocrx_word' id='word_1_23' title='bbox 930 873 1051 977; x_wconf 87' lang='lat' dir='ltr'><em>ibique</em></span> <span class='ocrx_word' id='word_1_24' title='bbox 1062 903 1134 949; x_wconf 90' lang='lat' dir='ltr'><em>non</em></span> <span class='ocrx_word' id='word_1_25' title='bbox 1148 875 1299 953; x_wconf 84' lang='lat' dir='ltr'><em>modico</em></span> 
     </span>
     <span class='ocr_line' id='line_1_5' title="bbox 234 991 1293 1094; baseline 0.002 -29"><span class='ocrx_word' id='word_1_26' title='bbox 234 1009 405 1094; x_wconf 81' lang='lat' dir='ltr'><em>tempore,</em></span> <span class='ocrx_word' id='word_1_27' title='bbox 426 1007 464 1064; x_wconf 92' lang='lat' dir='ltr'><em>ut</em></span> <span class='ocrx_word' id='word_1_28' title='bbox 474 1017 544 1093; x_wconf 80' lang='lat' dir='ltr'><em>per</em></span> <span class='ocrx_word' id='word_1_29' title='bbox 560 1018 624 1065; x_wconf 86' lang='lat' dir='ltr'><em>eas</em></span> <span class='ocrx_word' id='word_1_30' title='bbox 644 993 847 1083; x_wconf 70' lang='lat' dir='ltr'><em>resciretur,</em></span> <span class='ocrx_word' id='word_1_31' title='bbox 865 991 1069 1093; x_wconf 71' lang='lat' dir='ltr'><em>dependere</em></span> <span class='ocrx_word' id='word_1_32' title='bbox 1085 994 1178 1068; x_wconf 85' lang='lat' dir='ltr'><em>oisae</em></span> <span class='ocrx_word' id='word_1_33' title='bbox 1193 1010 1293 1069; x_wconf 87' lang='lat' dir='ltr'><em>sunt.</em></span> 
     </span>
    </p>

    <p class='ocr_par' dir='ltr' id='par_1_3' title="bbox 191 1106 1297 3317">
     <span class='ocr_line' id='line_1_6' title="bbox 273 1106 1297 1213; baseline 0.001 -32"><span class='ocrx_word' id='word_1_34' title='bbox 273 1107 370 1182; x_wconf 80' lang='lat' dir='ltr'><em>Hoee</em></span> <span class='ocrx_word' id='word_1_35' title='bbox 400 1106 615 1182; x_wconf 78' lang='lat' dir='ltr'><em>venerabilis</em></span> <span class='ocrx_word' id='word_1_36' title='bbox 643 1113 761 1209; x_wconf 82' lang='lat' dir='ltr'><em>patris</em></span> <span class='ocrx_word' id='word_1_37' title='bbox 790 1108 979 1183; x_wconf 76' lang='lat' dir='ltr'><em>Benedicti</em></span> <span class='ocrx_word' id='word_1_38' title='bbox 1009 1135 1122 1213; x_wconf 82' lang='lat' dir='ltr'><em>opera</em></span> <span class='ocrx_word' id='word_1_39' title='bbox 1154 1126 1297 1184; x_wconf 77' lang='lat' dir='ltr'><em>saneta&gt;</em></span> 
     </span>
     <span class='ocr_line' id='line_1_7' title="bbox 231 1224 1294 1330; baseline 0.003 -32"><span class='ocrx_word' id='word_1_40' title='bbox 231 1224 505 1320; x_wconf 77' lang='lat' dir='ltr'><em>Ecclesiaefiliis</em></span> <span class='ocrx_word' id='word_1_41' title='bbox 516 1225 703 1322; x_wconf 76' lang='lat' dir='ltr'><em>notificare</em></span> <span class='ocrx_word' id='word_1_42' title='bbox 714 1226 911 1317; x_wconf 87' lang='lat' dir='ltr'><em>voluimus,</em></span> <span class='ocrx_word' id='word_1_43' title='bbox 929 1253 1001 1299; x_wconf 87' lang='lat' dir='ltr'><em>non</em></span> <span class='ocrx_word' id='word_1_44' title='bbox 1015 1232 1102 1330; x_wconf 83' lang='lat' dir='ltr'><em>quia</em></span> <span class='ocrx_word' id='word_1_45' title='bbox 1114 1227 1206 1301; x_wconf 77' lang='lat' dir='ltr'><em>satis</em></span> <span class='ocrx_word' id='word_1_46' title='bbox 1220 1253 1294 1301; x_wconf 93' lang='lat' dir='ltr'><em>non</em></span> 
     </span>
     <span class='ocr_line' id='line_1_8' title="bbox 220 1340 1294 1445; baseline 0.003 -27"><span class='ocrx_word' id='word_1_47' title='bbox 220 1340 369 1441; x_wconf 78' lang='lat' dir='ltr'><em>sea&#39;sset</em></span> <span class='ocrx_word' id='word_1_48' title='bbox 380 1345 544 1445; x_wconf 83' lang='lat' dir='ltr'><em>majora,</em></span> <span class='ocrx_word' id='word_1_49' title='bbox 559 1341 629 1418; x_wconf 83' lang='lat' dir='ltr'><em>secl</em></span> <span class='ocrx_word' id='word_1_50' title='bbox 639 1348 730 1445; x_wconf 88' lang='lat' dir='ltr'><em>quia</em></span> <span class='ocrx_word' id='word_1_51' title='bbox 742 1349 813 1418; x_wconf 87' lang='lat' dir='ltr'><em>ista</em></span> <span class='ocrx_word' id='word_1_52' title='bbox 826 1362 913 1419; x_wconf 89' lang='lat' dir='ltr'><em>sunt</em></span> <span class='ocrx_word' id='word_1_53' title='bbox 924 1353 1093 1436; x_wconf 76' lang='lat' dir='ltr'><em>noviora,</em></span> <span class='ocrx_word' id='word_1_54' title='bbox 1112 1362 1147 1419; x_wconf 91' lang='lat' dir='ltr'><em>et</em></span> <span class='ocrx_word' id='word_1_55' title='bbox 1163 1351 1294 1421; x_wconf 84' lang='lat' dir='ltr'><em>nostris</em></span> 
     </span>
     <span class='ocr_line' id='line_1_9' title="bbox 229 1460 1296 1563; baseline 0.001 -28"><span class='ocrx_word' id='word_1_56' title='bbox 229 1460 1296 1563; x_wconf 74' lang='lat' dir='ltr'><em>teretponbusinfhsibusAnglioeinusitatauidentur.Necda</em></span> 
     </span>
     <span class='ocr_line' id='line_1_10' title="bbox 228 1576 1293 1681; baseline -0.001 -29"><span class='ocrx_word' id='word_1_57' title='bbox 228 1576 332 1652; x_wconf 83' lang='lat' dir='ltr'><em>beato</em></span> <span class='ocrx_word' id='word_1_58' title='bbox 341 1594 452 1681; x_wconf 73' lang='lat' dir='ltr'><em>patre</em></span> <span class='ocrx_word' id='word_1_59' title='bbox 462 1594 583 1653; x_wconf 89' lang='lat' dir='ltr'><em>nostro</em></span> <span class='ocrx_word' id='word_1_60' title='bbox 601 1579 798 1653; x_wconf 82' lang='lat' dir='ltr'><em>Benedicta</em></span> <span class='ocrx_word' id='word_1_61' title='bbox 815 1580 911 1653; x_wconf 88' lang='lat' dir='ltr'><em>ullas</em></span> <span class='ocrx_word' id='word_1_62' title='bbox 925 1581 1088 1671; x_wconf 87' lang='lat' dir='ltr'><em>miretur,</em></span> <span class='ocrx_word' id='word_1_63' title='bbox 1104 1582 1141 1653; x_wconf 86' lang='lat' dir='ltr'><em>si</em></span> <span class='ocrx_word' id='word_1_64' title='bbox 1153 1605 1293 1676; x_wconf 82' lang='lat' dir='ltr'><em>magna</em></span> 
     </span>
     <span class='ocr_line' id='line_1_11' title="bbox 226 1692 1294 1799; baseline 0.002 -32"><span class='ocrx_word' id='word_1_65' title='bbox 226 1710 258 1767; x_wconf 86' lang='lat' dir='ltr'><em>et</em></span> <span class='ocrx_word' id='word_1_66' title='bbox 271 1697 385 1769; x_wconf 87' lang='lat' dir='ltr'><em>etiarn</em></span> <span class='ocrx_word' id='word_1_67' title='bbox 405 1692 828 1795; x_wconf 66' lang='lat' dir='ltr'><em>inaestimabiliafaciat5</em></span> <span class='ocrx_word' id='word_1_68' title='bbox 847 1701 982 1799; x_wconf 82' lang='lat' dir='ltr'><em>quippe</em></span> <span class='ocrx_word' id='word_1_69' title='bbox 997 1701 1062 1794; x_wconf 83' lang='lat' dir='ltr'><em>qui</em></span> <span class='ocrx_word' id='word_1_70' title='bbox 1075 1723 1183 1798; x_wconf 84' lang='lat' dir='ltr'><em>papa</em></span> <span class='ocrx_word' id='word_1_71' title='bbox 1202 1695 1294 1769; x_wconf 82' lang='lat' dir='ltr'><em>Gne-</em></span> 
     </span>
     <span class='ocr_line' id='line_1_12' title="bbox 226 1810 1292 1915; baseline 0 -30"><span class='ocrx_word' id='word_1_72' title='bbox 226 1818 325 1908; x_wconf 74' lang='lat' dir='ltr'><em>gorio</em></span> <span class='ocrx_word' id='word_1_73' title='bbox 349 1827 457 1902; x_wconf 86' lang='lat' dir='ltr'><em>teste,</em></span> <span class='ocrx_word' id='word_1_74' title='bbox 481 1815 520 1884; x_wconf 91' lang='lat' dir='ltr'><em>in</em></span> <span class='ocrx_word' id='word_1_75' title='bbox 543 1812 654 1887; x_wconf 83' lang='lat' dir='ltr'><em>latice</em></span> <span class='ocrx_word' id='word_1_76' title='bbox 671 1810 853 1913; x_wconf 83' lang='lat' dir='ltr'><em>producto</em></span> <span class='ocrx_word' id='word_1_77' title='bbox 881 1811 929 1886; x_wconf 82' lang='lat' dir='ltr'><em>de</em></span> <span class='ocrx_word' id='word_1_78' title='bbox 954 1839 1043 1915; x_wconf 85' lang='lat' dir='ltr'><em>rupe</em></span> <span class='ocrx_word' id='word_1_79' title='bbox 1072 1813 1198 1910; x_wconf 85' lang='lat' dir='ltr'><em>Moysi</em></span> <span class='ocrx_word' id='word_1_80' title='bbox 1225 1839 1292 1885; x_wconf 87' lang='lat' dir='ltr'><em>eo-</em></span> 
     </span>
     <span class='ocr_line' id='line_1_13' title="bbox 227 1928 1293 2029; baseline -0.003 -27"><span class='ocrx_word' id='word_1_81' title='bbox 227 1944 411 2029; x_wconf 83' lang='lat' dir='ltr'><em>aquatur,</em></span> <span class='ocrx_word' id='word_1_82' title='bbox 435 1932 474 2003; x_wconf 87' lang='lat' dir='ltr'><em>in</em></span> <span class='ocrx_word' id='word_1_83' title='bbox 497 1935 591 2004; x_wconf 80' lang='lat' dir='ltr'><em>corvi</em></span> <span class='ocrx_word' id='word_1_84' title='bbox 612 1930 819 2004; x_wconf 84' lang='lat' dir='ltr'><em>obedientia</em></span> <span class='ocrx_word' id='word_1_85' title='bbox 840 1930 964 2004; x_wconf 79' lang='lat' dir='ltr'><em>Helice</em></span> <span class='ocrx_word' id='word_1_86' title='bbox 989 1928 1229 2017; x_wconf 85' lang='lat' dir='ltr'><em>assimilatur,</em></span> <span class='ocrx_word' id='word_1_87' title='bbox 1255 1935 1293 2000; x_wconf 92' lang='lat' dir='ltr'><em>in</em></span> 
     </span>
     <span class='ocr_line' id='line_1_14' title="bbox 215 2043 1290 2146; baseline -0.004 -28"><span class='ocrx_word' id='word_1_88' title='bbox 215 2043 317 2140; x_wconf 81' lang='lat' dir='ltr'><em>serm</em></span> <span class='ocrx_word' id='word_1_89' title='bbox 336 2044 385 2119; x_wconf 87' lang='lat' dir='ltr'><em>de</em></span> <span class='ocrx_word' id='word_1_90' title='bbox 400 2043 584 2145; x_wconf 74' lang='lat' dir='ltr'><em>profitndo</em></span> <span class='ocrx_word' id='word_1_91' title='bbox 604 2045 731 2146; x_wconf 78' lang='lat' dir='ltr'><em>abyssi</em></span> <span class='ocrx_word' id='word_1_92' title='bbox 752 2063 915 2119; x_wconf 82' lang='lat' dir='ltr'><em>revocata</em></span> <span class='ocrx_word' id='word_1_93' title='bbox 933 2045 1116 2119; x_wconf 85' lang='lat' dir='ltr'><em>Helisoeus</em></span> <span class='ocrx_word' id='word_1_94' title='bbox 1139 2045 1290 2131; x_wconf 84' lang='lat' dir='ltr'><em>dicitur,</em></span> 
     </span>
     <span class='ocr_line' id='line_1_15' title="bbox 226 2159 1291 2263; baseline -0.003 -31"><span class='ocrx_word' id='word_1_95' title='bbox 226 2163 258 2232; x_wconf 89' lang='lat' dir='ltr'><em>in</em></span> <span class='ocrx_word' id='word_1_96' title='bbox 273 2159 460 2262; x_wconf 73' lang='lat' dir='ltr'><em>discipulo</em></span> <span class='ocrx_word' id='word_1_97' title='bbox 471 2165 582 2263; x_wconf 79' lang='lat' dir='ltr'><em>jussu</em></span> <span class='ocrx_word' id='word_1_98' title='bbox 600 2189 667 2236; x_wconf 87' lang='lat' dir='ltr'><em>suo</em></span> <span class='ocrx_word' id='word_1_99' title='bbox 686 2187 797 2261; x_wconf 85' lang='lat' dir='ltr'><em>super</em></span> <span class='ocrx_word' id='word_1_100' title='bbox 815 2188 933 2262; x_wconf 83' lang='lat' dir='ltr'><em>aquas</em></span> <span class='ocrx_word' id='word_1_101' title='bbox 953 2160 1163 2235; x_wconf 78' lang='lat' dir='ltr'><em>ambulante</em></span> <span class='ocrx_word' id='word_1_102' title='bbox 1179 2160 1291 2231; x_wconf 88' lang='lat' dir='ltr'><em>Petro</em></span> 
     </span>
     <span class='ocr_line' id='line_1_16' title="bbox 225 2273 1290 2379; baseline 0 -32"><span class='ocrx_word' id='word_1_103' title='bbox 225 2278 460 2377; x_wconf 76' lang='lat' dir='ltr'><em>conjungitur</em></span> <span class='ocrx_word' id='word_1_104' title='bbox 474 2280 544 2376; x_wconf 85' lang='lat'><em>(1).</em></span> <span class='ocrx_word' id='word_1_105' title='bbox 566 2280 654 2379; x_wconf 82' lang='lat' dir='ltr'><em>Ipse</em></span> <span class='ocrx_word' id='word_1_106' title='bbox 673 2283 780 2352; x_wconf 88' lang='lat' dir='ltr'><em>etiam</em></span> <span class='ocrx_word' id='word_1_107' title='bbox 798 2280 860 2377; x_wconf 90' lang='lat' dir='ltr'><em>(ut</em></span> <span class='ocrx_word' id='word_1_108' title='bbox 877 2295 1002 2351; x_wconf 90' lang='lat' dir='ltr'><em>notum</em></span> <span class='ocrx_word' id='word_1_109' title='bbox 1018 2278 1091 2374; x_wconf 88' lang='lat' dir='ltr'><em>est)</em></span> <span class='ocrx_word' id='word_1_110' title='bbox 1106 2273 1290 2379; x_wconf 81' lang='lat' dir='ltr'><em>propbeta</em></span> 
     </span>
     <span class='ocr_line' id='line_1_17' title="bbox 223 2391 1290 2500; baseline -0.002 -32"><span class='ocrx_word' id='word_1_111' title='bbox 223 2395 456 2492; x_wconf 58' lang='lat' dir='ltr'><em>providendo</em></span> <span class='ocrx_word' id='word_1_112' title='bbox 455 2393 594 2495; x_wconf 87' lang='lat' dir='ltr'><em>futura</em></span> <span class='ocrx_word' id='word_1_113' title='bbox 592 2394 666 2495; x_wconf 85' lang='lat' dir='ltr'><em>fui</em></span> <span class='ocrx_word' id='word_1_114' title='bbox 667 2413 695 2488; x_wconf 91' lang='lat' dir='ltr'><em>t,</em></span> <span class='ocrx_word' id='word_1_115' title='bbox 709 2396 897 2499; x_wconf 84' lang='lat' dir='ltr'><em>apostolus</em></span> <span class='ocrx_word' id='word_1_116' title='bbox 904 2395 1095 2500; x_wconf 82' lang='lat' dir='ltr'><em>patrando</em></span> <span class='ocrx_word' id='word_1_117' title='bbox 1108 2391 1290 2468; x_wconf 87' lang='lat' dir='ltr'><em>miracula</em></span> 
     </span>
     <span class='ocr_line' id='line_1_18' title="bbox 227 2513 1290 2616; baseline 0.002 -32"><span class='ocrx_word' id='word_1_118' title='bbox 227 2514 359 2603; x_wconf 71' lang='lat' dir='ltr'><em>estitit,</em></span> <span class='ocrx_word' id='word_1_119' title='bbox 380 2514 442 2587; x_wconf 86' lang='lat' dir='ltr'><em>oel</em></span> <span class='ocrx_word' id='word_1_120' title='bbox 461 2532 500 2587; x_wconf 86' lang='lat' dir='ltr'><em>ut</em></span> <span class='ocrx_word' id='word_1_121' title='bbox 517 2513 654 2589; x_wconf 75' lang='lat' dir='ltr'><em>brevius</em></span> <span class='ocrx_word' id='word_1_122' title='bbox 669 2514 793 2589; x_wconf 83' lang='lat' dir='ltr'><em>dt&#39;cam</em></span> <span class='ocrx_word' id='word_1_123' title='bbox 809 2544 819 2587; x_wconf 89' lang='lat'>:</span> <span class='ocrx_word' id='word_1_124' title='bbox 835 2516 994 2587; x_wconf 77' lang='lat' dir='ltr'><em>omnizuu</em></span> <span class='ocrx_word' id='word_1_125' title='bbox 1004 2516 1191 2616; x_wconf 86' lang='lat' dir='ltr'><em>justorum</em></span> <span class='ocrx_word' id='word_1_126' title='bbox 1209 2517 1290 2612; x_wconf 83' lang='lat' dir='ltr'><em>spi·</em></span> 
     </span>
     <span class='ocr_line' id='line_1_19' title="bbox 191 2628 1289 2732; baseline 0.005 -32"><span class='ocrx_word' id='word_1_127' title='bbox 191 2715 195 2723; x_wconf 27' lang='lat'><strong>¹</strong></span> <span class='ocrx_word' id='word_1_128' title='bbox 226 2631 291 2702; x_wconf 79' lang='lat' dir='ltr'><em>ritu</em></span> <span class='ocrx_word' id='word_1_129' title='bbox 301 2628 537 2732; x_wconf 80' lang='lat' dir='ltr'><em>plenusfisit.</em></span> <span class='ocrx_word' id='word_1_130' title='bbox 562 2632 661 2731; x_wconf 85' lang='lat' dir='ltr'><em>Quia</em></span> <span class='ocrx_word' id='word_1_131' title='bbox 679 2659 761 2729; x_wconf 80' lang='lat' dir='ltr'><em>ergo</em></span> <span class='ocrx_word' id='word_1_132' title='bbox 776 2634 855 2705; x_wconf 85' lang='lat' dir='ltr'><em>sine</em></span> <span class='ocrx_word' id='word_1_133' title='bbox 869 2631 1041 2731; x_wconf 84' lang='lat' dir='ltr'><em>scrupulo</em></span> <span class='ocrx_word' id='word_1_134' title='bbox 1061 2634 1225 2707; x_wconf 82' lang='lat' dir='ltr'><em>nouimus</em></span> <span class='ocrx_word' id='word_1_135' title='bbox 1241 2633 1289 2705; x_wconf 87' lang='lat' dir='ltr'><em>de</em></span> 
     </span>
     <span class='ocr_line' id='line_1_20' title="bbox 228 2747 1288 2850; baseline 0.008 -35"><span class='ocrx_word' id='word_1_136' title='bbox 228 2747 299 2845; x_wconf 82' lang='lat' dir='ltr'><em>ipso</em></span> <span class='ocrx_word' id='word_1_137' title='bbox 317 2748 421 2847; x_wconf 86' lang='lat' dir='ltr'><em>quod</em></span> <span class='ocrx_word' id='word_1_138' title='bbox 446 2773 681 2850; x_wconf 77' lang='lat' dir='ltr'><em>quacumque</em></span> <span class='ocrx_word' id='word_1_139' title='bbox 704 2749 878 2840; x_wconf 81' lang='lat' dir='ltr'><em>uoluen&#39;t,</em></span> <span class='ocrx_word' id='word_1_140' title='bbox 901 2751 1133 2850; x_wconf 78' lang='lat' dir='ltr'><em>consequitur</em></span> <span class='ocrx_word' id='word_1_141' title='bbox 1155 2776 1181 2823; x_wconf 90' lang='lat' dir='ltr'><em>a</em></span> <span class='ocrx_word' id='word_1_142' title='bbox 1205 2749 1288 2823; x_wconf 89' lang='lat' dir='ltr'><em>Do·</em></span> 
     </span>
     <span class='ocr_line' id='line_1_21' title="bbox 228 2865 1286 2956; baseline 0.005 -22"><span class='ocrx_word' id='word_1_143' title='bbox 228 2867 335 2954; x_wconf 80' lang='lat' dir='ltr'><em>enirm,</em></span> <span class='ocrx_word' id='word_1_144' title='bbox 355 2865 556 2939; x_wconf 71' lang='lat' dir='ltr'><em>letabundi</em></span> <span class='ocrx_word' id='word_1_145' title='bbox 571 2892 785 2940; x_wconf 86' lang='lat' dir='ltr'><em>maneamus</em></span> <span class='ocrx_word' id='word_1_146' title='bbox 799 2869 838 2939; x_wconf 91' lang='lat' dir='ltr'><em>in</em></span> <span class='ocrx_word' id='word_1_147' title='bbox 848 2865 950 2939; x_wconf 88' lang='lat' dir='ltr'><em>illius</em></span> <span class='ocrx_word' id='word_1_148' title='bbox 963 2871 1122 2956; x_wconf 81' lang='lat' dir='ltr'><em>servitio,</em></span> <span class='ocrx_word' id='word_1_149' title='bbox 1136 2871 1286 2940; x_wconf 84' lang='lat' dir='ltr'><em>scientes</em></span> 
     </span>
     <span class='ocr_line' id='line_1_22' title="bbox 228 2982 1286 3083; baseline 0.006 -34"><span class='ocrx_word' id='word_1_150' title='bbox 228 3004 281 3054; x_wconf 87' lang='lat' dir='ltr'><em>ms</em></span> <span class='ocrx_word' id='word_1_151' title='bbox 292 2985 374 3082; x_wconf 82' lang='lat' dir='ltr'><em>ejus</em></span> <span class='ocrx_word' id='word_1_152' title='bbox 385 3009 492 3083; x_wconf 75' lang='lat' dir='ltr'><em>prece</em></span> <span class='ocrx_word' id='word_1_153' title='bbox 502 3010 576 3056; x_wconf 91' lang='lat' dir='ltr'><em>non</em></span> <span class='ocrx_word' id='word_1_154' title='bbox 575 2982 760 3082; x_wconf 78' lang='lat' dir='ltr'><em>fraudari</em></span> <span class='ocrx_word' id='word_1_155' title='bbox 771 2984 936 3056; x_wconf 83' lang='lat' dir='ltr'><em>daumio.</em></span> <span class='ocrx_word' id='word_1_156' title='bbox 948 2985 994 3056; x_wconf 90' lang='lat' dir='ltr'><em>Si</em></span> <span class='ocrx_word' id='word_1_157' title='bbox 1001 3000 1126 3058; x_wconf 89' lang='lat' dir='ltr'><em>autem</em></span> <span class='ocrx_word' id='word_1_158' title='bbox 1135 3001 1286 3058; x_wconf 85' lang='lat' dir='ltr'><em>sanctus</em></span> 
     </span>
     <span class='ocr_line' id='line_1_23' title="bbox 229 3097 1286 3202; baseline 0.008 -36"><span class='ocrx_word' id='word_1_159' title='bbox 229 3097 436 3174; x_wconf 64' lang='lat' dir='ltr'><em>benedictio</em></span> <span class='ocrx_word' id='word_1_160' title='bbox 458 3101 545 3176; x_wconf 77' lang='lat' dir='ltr'><em>kuic</em></span> <span class='ocrx_word' id='word_1_161' title='bbox 562 3102 749 3174; x_wconf 79' lang='lat' dir='ltr'><em>auxilium</em></span> <span class='ocrx_word' id='word_1_162' title='bbox 766 3129 837 3175; x_wconf 89' lang='lat' dir='ltr'><em>non</em></span> <span class='ocrx_word' id='word_1_163' title='bbox 856 3106 1017 3202; x_wconf 78' lang='lat' dir='ltr'><em>negauit,</em></span> <span class='ocrx_word' id='word_1_164' title='bbox 1039 3104 1104 3202; x_wconf 83' lang='lat' dir='ltr'><em>qui</em></span> <span class='ocrx_word' id='word_1_165' title='bbox 1123 3128 1162 3176; x_wconf 84' lang='lat' dir='ltr'><em>se</em></span> <span class='ocrx_word' id='word_1_166' title='bbox 1179 3129 1286 3175; x_wconf 75' lang='lat' dir='ltr'><em>strum</em></span> 
     </span>
     <span class='ocr_line' id='line_1_24' title="bbox 224 3210 1284 3317; baseline 0.007 -33"><span class='ocrx_word' id='word_1_167' title='bbox 224 3210 293 3305; x_wconf 76' lang='lat' dir='ltr'><em>sore</em></span> <span class='ocrx_word' id='word_1_168' title='bbox 305 3219 523 3292; x_wconf 76' lang='lat' dir='ltr'><em>monachum</em></span> <span class='ocrx_word' id='word_1_169' title='bbox 535 3219 689 3308; x_wconf 78' lang='lat' dir='ltr'><em>eleuauit,</em></span> <span class='ocrx_word' id='word_1_170' title='bbox 705 3220 816 3316; x_wconf 87' lang='lat' dir='ltr'><em>quale</em></span> <span class='ocrx_word' id='word_1_171' title='bbox 827 3217 1030 3293; x_wconf 85' lang='lat' dir='ltr'><em>subsidium</em></span> <span class='ocrx_word' id='word_1_172' title='bbox 1044 3218 1100 3292; x_wconf 83' lang='lat' dir='ltr'><em>bis</em></span> <span class='ocrx_word' id='word_1_173' title='bbox 1113 3221 1181 3317; x_wconf 90' lang='lat' dir='ltr'><em>qui</em></span> <span class='ocrx_word' id='word_1_174' title='bbox 1193 3219 1284 3291; x_wconf 90' lang='lat' dir='ltr'><em>ultro</em></span> 
     </span>
    </p>
   </div>
   <div class='ocr_carea' id='block_1_3' title="bbox 236 3528 1283 3862">
    <p class='ocr_par' dir='ltr' id='par_1_4' title="bbox 236 3528 1283 3862">
     <span class='ocr_line' id='line_1_25' title="bbox 259 3528 1282 3611; baseline 0.004 -23"><span class='ocrx_word' id='word_1_175' title='bbox 259 3536 294 3603; x_wconf 84' lang='grc' dir='ltr'><em>(ι)</em></span> <span class='ocrx_word' id='word_1_176' title='bbox 310 3534 360 3590; x_wconf 71' lang='lat' dir='ltr'><em>les</em></span> <span class='ocrx_word' id='word_1_177' title='bbox 376 3546 476 3611; x_wconf 81' lang='lat' dir='ltr'><em>quatro</em></span> <span class='ocrx_word' id='word_1_178' title='bbox 489 3535 614 3593; x_wconf 79' lang='lat' dir='ltr'><em>miracles</em></span> <span class='ocrx_word' id='word_1_179' title='bbox 627 3537 663 3593; x_wconf 84' lang='lat' dir='ltr'><em>de</em></span> <span class='ocrx_word' id='word_1_180' title='bbox 677 3539 749 3594; x_wconf 79' lang='lat' dir='ltr'><em>saint</em></span> <span class='ocrx_word' id='word_1_181' title='bbox 762 3537 860 3593; x_wconf 80' lang='lat' dir='ltr'><em>Beaoit</em></span> <span class='ocrx_word' id='word_1_182' title='bbox 872 3528 1004 3611; x_wconf 64' lang='lat' dir='ltr'><em>aluquels</em></span> <span class='ocrx_word' id='word_1_183' title='bbox 1017 3535 1038 3591; x_wconf 83' lang='lat' dir='ltr'><em>il</em></span> <span class='ocrx_word' id='word_1_184' title='bbox 1050 3546 1092 3594; x_wconf 81' lang='lat' dir='ltr'><em>eu</em></span> <span class='ocrx_word' id='word_1_185' title='bbox 1104 3536 1154 3592; x_wconf 81' lang='lat' dir='ltr'><em>tait</em></span> <span class='ocrx_word' id='word_1_186' title='bbox 1165 3535 1282 3592; x_wconf 80' lang='lat' dir='ltr'><em>allusion</em></span> 
     </span>
     <span class='ocr_line' id='line_1_26' title="bbox 236 3615 1283 3700; baseline 0.009 -26"><span class='ocrx_word' id='word_1_187' title='bbox 236 3615 288 3674; x_wconf 78' lang='lat' dir='ltr'><em>buu</em></span> <span class='ocrx_word' id='word_1_188' title='bbox 302 3639 344 3679; x_wconf 72' lang='grc' dir='ltr'><em>αα</em></span> <span class='ocrx_word' id='word_1_189' title='bbox 360 3624 620 3698; x_wconf 75' lang='lat' dir='ltr'><em>npprochemeate‚</em></span> <span class='ocrx_word' id='word_1_190' title='bbox 636 3637 699 3682; x_wconf 79' lang='lat' dir='ltr'><em>eant</em></span> <span class='ocrx_word' id='word_1_191' title='bbox 716 3643 784 3681; x_wconf 78' lang='lat' dir='ltr'><em>cetu</em></span> <span class='ocrx_word' id='word_1_192' title='bbox 797 3626 867 3681; x_wconf 86' lang='lat' dir='ltr'><em>dont</em></span> <span class='ocrx_word' id='word_1_193' title='bbox 879 3643 916 3680; x_wconf 90' lang='lat' dir='ltr'><em>on</em></span> <span class='ocrx_word' id='word_1_194' title='bbox 930 3635 1057 3681; x_wconf 77' lang='lat' dir='ltr'><em>tmuvem</em></span> <span class='ocrx_word' id='word_1_195' title='bbox 1074 3625 1099 3680; x_wconf 73' lang='lat' dir='ltr'><em>ln</em></span> <span class='ocrx_word' id='word_1_196' title='bbox 1112 3624 1283 3700; x_wconf 80' lang='lat' dir='ltr'><em>description</em></span> 
     </span>
     <span class='ocr_line' id='line_1_27' title="bbox 238 3713 1280 3790; baseline 0.006 -27"><span class='ocrx_word' id='word_1_197' title='bbox 238 3724 275 3763; x_wconf 78' lang='lat' dir='ltr'><em>un</em></span> <span class='ocrx_word' id='word_1_198' title='bbox 293 3713 430 3786; x_wconf 79' lang='lat' dir='ltr'><em>chapitres</em></span> <span class='ocrx_word' id='word_1_199' title='bbox 443 3733 470 3782; x_wconf 87' lang='lat' dir='ltr'><em>v,</em></span> <span class='ocrx_word' id='word_1_200' title='bbox 486 3732 529 3783; x_wconf 80' lang='lat' dir='ltr'><em>vr,</em></span> <span class='ocrx_word' id='word_1_201' title='bbox 545 3732 583 3770; x_wconf 84' lang='lat' dir='ltr'><em>vn</em></span> <span class='ocrx_word' id='word_1_202' title='bbox 597 3727 626 3771; x_wconf 86' lang='lat' dir='ltr'><em>et</em></span> <span class='ocrx_word' id='word_1_203' title='bbox 644 3735 692 3771; x_wconf 84' lang='grc' dir='ltr'>νιιι</span> <span class='ocrx_word' id='word_1_204' title='bbox 717 3716 752 3771; x_wconf 85' lang='lat' dir='ltr'><em>de</em></span> <span class='ocrx_word' id='word_1_205' title='bbox 769 3734 818 3771; x_wconf 84' lang='lat' dir='ltr'><em>son</em></span> <span class='ocrx_word' id='word_1_206' title='bbox 838 3715 961 3772; x_wconf 70' lang='lat' dir='ltr'><em>Histoire</em></span> <span class='ocrx_word' id='word_1_207' title='bbox 977 3733 1028 3788; x_wconf 82' lang='lat' dir='ltr'><em>par</em></span> <span class='ocrx_word' id='word_1_208' title='bbox 1046 3714 1117 3771; x_wconf 75' lang='lat' dir='ltr'><em>saint</em></span> <span class='ocrx_word' id='word_1_209' title='bbox 1132 3715 1280 3790; x_wconf 75' lang='lat' dir='ltr'><em>Grigoire.</em></span> 
     </span>
     <span class='ocr_line' id='line_1_28' title="bbox 239 3792 978 3862; baseline 0.005 -8"><span class='ocrx_word' id='word_1_210' title='bbox 239 3792 296 3853; x_wconf 68' lang='lat' dir='ltr'><em>Noas</em></span> <span class='ocrx_word' id='word_1_211' title='bbox 307 3821 377 3857; x_wconf 82' lang='lat' dir='ltr'><em>nous</em></span> <span class='ocrx_word' id='word_1_212' title='bbox 388 3814 585 3860; x_wconf 79' lang='lat' dir='ltr'><em>contenteroas</em></span> <span class='ocrx_word' id='word_1_213' title='bbox 596 3804 658 3861; x_wconf 81' lang='lat' dir='ltr'><em>d&#39;on</em></span> <span class='ocrx_word' id='word_1_214' title='bbox 672 3806 821 3861; x_wconf 68' lang='lat' dir='ltr'><em>tranmire</em></span> <span class='ocrx_word' id='word_1_215' title='bbox 833 3805 872 3862; x_wconf 82' lang='lat' dir='ltr'><em>les</em></span> <span class='ocrx_word' id='word_1_216' title='bbox 884 3804 978 3860; x_wconf 80' lang='lat' dir='ltr'><em>titros:</em></span> 
     </span>
    </p>
   </div>
   <div class='ocr_carea' id='block_1_4' title="bbox 262 3913 1281 4351">
    <p class='ocr_par' dir='ltr' id='par_1_5' title="bbox 262 3913 1281 4351">
     <span class='ocr_line' id='line_1_29' title="bbox 262 3913 1221 3994; baseline 0.005 -27"><span class='ocrx_word' id='word_1_217' title='bbox 262 3913 340 3972; x_wconf 66' lang='lat' dir='ltr'><em>Coros</em></span> <span class='ocrx_word' id='word_1_218' title='bbox 351 3919 391 3974; x_wconf 75' lang='lat' dir='ltr'><em>V.</em></span> <span class='ocrx_word' id='word_1_219' title='bbox 410 3919 453 3974; x_wconf 81' lang='lat' dir='ltr'><em>De</em></span> <span class='ocrx_word' id='word_1_220' title='bbox 467 3939 554 3992; x_wconf 79' lang='lat' dir='ltr'><em>aqua,</em></span> <span class='ocrx_word' id='word_1_221' title='bbox 568 3942 652 3994; x_wconf 83' lang='lat' dir='ltr'><em>quam</em></span> <span class='ocrx_word' id='word_1_222' title='bbox 666 3926 694 3977; x_wconf 90' lang='lat' dir='ltr'><em>in</em></span> <span class='ocrx_word' id='word_1_223' title='bbox 708 3926 808 3978; x_wconf 86' lang='lat' dir='ltr'><em>montis</em></span> <span class='ocrx_word' id='word_1_224' title='bbox 821 3926 926 3977; x_wconf 83' lang='lat' dir='ltr'><em>vertice</em></span> <span class='ocrx_word' id='word_1_225' title='bbox 940 3941 976 3976; x_wconf 72' lang='lat' dir='ltr'><em>ex</em></span> <span class='ocrx_word' id='word_1_226' title='bbox 987 3931 1069 3992; x_wconf 81' lang='lat' dir='ltr'><em>petra</em></span> <span class='ocrx_word' id='word_1_227' title='bbox 1079 3920 1221 3992; x_wconf 76' lang='lat' dir='ltr'><em>produxit.</em></span> 
     </span>
     <span class='ocr_line' id='line_1_30' title="bbox 355 4009 1243 4084; baseline -0.002 -22"><span class='ocrx_word' id='word_1_228' title='bbox 355 4009 407 4063; x_wconf 66' lang='lat' dir='ltr'><em>vl.</em></span> <span class='ocrx_word' id='word_1_229' title='bbox 427 4009 571 4082; x_wconf 81' lang='lat' dir='ltr'><em>Deserto,</em></span> <span class='ocrx_word' id='word_1_230' title='bbox 587 4031 622 4066; x_wconf 75' lang='lat' dir='ltr'><em>ex</em></span> <span class='ocrx_word' id='word_1_231' title='bbox 634 4012 777 4084; x_wconf 85' lang='lat' dir='ltr'><em>profundo</em></span> <span class='ocrx_word' id='word_1_232' title='bbox 790 4031 872 4083; x_wconf 66' lang='lat' dir='ltr'><em>assuat</em></span> <span class='ocrx_word' id='word_1_233' title='bbox 884 4010 923 4066; x_wconf 79' lang='lat' dir='ltr'><em>tul</em></span> <span class='ocrx_word' id='word_1_234' title='bbox 937 4011 1114 4065; x_wconf 84' lang='lat' dir='ltr'><em>manubrium</em></span> <span class='ocrx_word' id='word_1_235' title='bbox 1127 4028 1243 4063; x_wconf 72' lang='lat' dir='ltr'><em>merso.</em></span> 
     </span>
     <span class='ocr_line' id='line_1_31' title="bbox 359 4099 1160 4173; baseline -0.002 -21"><span class='ocrx_word' id='word_1_236' title='bbox 359 4099 424 4153; x_wconf 73' lang='lat' dir='ltr'><em>Vll.</em></span> <span class='ocrx_word' id='word_1_237' title='bbox 446 4101 489 4153; x_wconf 82' lang='lat' dir='ltr'><em>De</em></span> <span class='ocrx_word' id='word_1_238' title='bbox 504 4102 563 4172; x_wconf 72' lang='lat' dir='ltr'><em>ejus</em></span> <span class='ocrx_word' id='word_1_239' title='bbox 576 4101 725 4172; x_wconf 81' lang='lat' dir='ltr'><em>discipulo,</em></span> <span class='ocrx_word' id='word_1_240' title='bbox 740 4105 790 4173; x_wconf 80' lang='lat' dir='ltr'><em>qui</em></span> <span class='ocrx_word' id='word_1_241' title='bbox 802 4120 886 4171; x_wconf 81' lang='lat' dir='ltr'><em>super</em></span> <span class='ocrx_word' id='word_1_242' title='bbox 898 4120 988 4173; x_wconf 73' lang='lat' dir='ltr'><em>aestas</em></span> <span class='ocrx_word' id='word_1_243' title='bbox 1000 4099 1160 4155; x_wconf 85' lang='lat' dir='ltr'><em>ambulavit.</em></span> 
     </span>
     <span class='ocr_line' id='line_1_32' title="bbox 357 4189 1281 4263; baseline 0.004 -22"><span class='ocrx_word' id='word_1_244' title='bbox 357 4190 435 4242; x_wconf 65' lang='lat' dir='ltr'><em>tm.</em></span> <span class='ocrx_word' id='word_1_245' title='bbox 458 4191 500 4243; x_wconf 81' lang='lat' dir='ltr'><em>De</em></span> <span class='ocrx_word' id='word_1_246' title='bbox 519 4191 620 4262; x_wconf 60' lang='lat' dir='ltr'><em>suffecto</em></span> <span class='ocrx_word' id='word_1_247' title='bbox 641 4213 692 4263; x_wconf 80' lang='lat' dir='ltr'><em>per·</em></span> <span class='ocrx_word' id='word_1_248' title='bbox 709 4211 847 4247; x_wconf 76' lang='lat' dir='ltr'><em>vencnum</em></span> <span class='ocrx_word' id='word_1_249' title='bbox 864 4211 951 4261; x_wconf 71' lang='lat' dir='ltr'><em>poue.</em></span> <span class='ocrx_word' id='word_1_250' title='bbox 972 4209 1023 4260; x_wconf 82' lang='lat' dir='ltr'><em>por</em></span> <span class='ocrx_word' id='word_1_251' title='bbox 1040 4207 1149 4244; x_wconf 78' lang='lat' dir='ltr'><em>coruum</em></span> <span class='ocrx_word' id='word_1_252' title='bbox 1169 4189 1281 4259; x_wconf 66' lang='lat' dir='ltr'><em>longius</em></span> 
     </span>
     <span class='ocr_line' id='line_1_33' title="bbox 388 4281 510 4351; baseline 0.041 -27"><span class='ocrx_word' id='word_1_253' title='bbox 388 4281 510 4351; x_wconf 65' lang='lat' dir='ltr'><em>prttjcrlo</em></span> 
     </span>
    </p>
   </div>
   <div class='ocr_carea' id='block_1_5' title="bbox 0 0 1528 5244">
    <p class='ocr_par' dir='ltr' id='par_1_6' title="bbox 0 0 1528 5244">
     <span class='ocr_line' id='line_1_34' title="bbox 0 0 1528 5244; baseline 0 6"><span class='ocrx_word' id='word_1_254' title='bbox 0 0 1528 5244; x_wconf 95' lang='lat' dir='ltr'><em> </em></span> 
     </span>
    </p>
   </div>
  </div>
 </body>
</html>
