3046 5244
87 426 185 499 [ωηο
202 422 292 499 roas]
485 360 762 483 insunuans.
1097 420 1160 487 su

135 550 313 623 Dominus
335 550 438 623 Jesns
461 547 604 623 cnidum
626 548 823 643 mcetdoti,
840 548 928 627 (lum
955 553 993 627 iu
1015 552 1159 631 basilica

86 671 226 743 Sanctae
247 669 375 741 staria
401 683 650 767 pentcctaret,
668 685 706 742 et
727 694 798 769 pro
813 668 942 745 afflicta
965 670 1032 745 ltct
1056 669 1164 771 plebe

86 804 227 876 oraret,
247 785 455 886 semisopito
473 811 555 859 cum
572 784 790 862 Sanctorum
807 803 909 863 coetu
923 788 1111 889 appatuit,
1123 805 1163 865 et

85 904 131 977 dc
160 901 479 993 fornicationibus,
509 900 642 1003 quibus
680 901 971 981 Christianorum
1006 923 1162 983 (πωπω

86 1049 168 1095 cum
178 1020 401 1120 alienigenis,
416 1044 476 1094 seu
488 1017 727 1135 Christicolis,
744 1021 997 1098 meretricibus
1009 1024 1162 1125 pollute

86 1157 209 1226 crant,
228 1137 413 1238 querulam
432 1135 674 1238 deprompsit,
692 1164 907 1241 asperasque
921 1140 1040 1215 minas
1055 1141 1163 1242 lupa-

86 1258 186 1329 nanti
205 1253 429 1328 multitudini
445 1253 587 1355 adjecit.
607 1254 760 1329 Interim
781 1254 1074 1356 splendidacmx
1097 1285 1162 1335 su·

86 1401 153 1474 per
168 1389 275 1472 caput
291 1375 365 1473 ejus
380 1372 624 1471 resplenduit,
640 1398 712 1474 qua
726 1371 916 1473 presbyter
934 1374 1162 1477 Redempto-

85 1517 162 1564 rem
183 1490 308 1563 mundi
325 1488 492 1589 agnovit,
509 1504 546 1563 et
559 1486 691 1573 devote
706 1515 847 1589 pronus
858 1488 1038 1566 odoravit.
1056 1494 1161 1569 'l'uuc

84 1608 185 1681 beata
200 1608 335 1695 lllaria,
354 1603 612 1679 misericordias
628 1622 761 1694 nister,
778 1622 995 1706 sanctmque
1011 1608 1159 1696 Petrus,

83 1724 330 1823 apostolorum
357 1723 543 1822 princeps,
569 1718 779 1795 cecideruut
807 1720 854 1795 sd
878 1720 987 1821 pedes
1009 1722 1159 1799 Domini

82 1840 295 1926 Salvatoris,
314 1838 452 1938 piisque
466 1862 536 1936 pno
553 1836 749 1913 alllictioite
766 1835 1057 1911 Christianorum
1070 1864 1160 1937 snp-

82 1953 353 2054 plicationibus,
388 1952 606 2054 mitigabant
634 1953 725 2027 irum
752 1954 973 2045 minitantis,
995 1979 1160 2056 conque-

81 2091 201 2146 rentes
221 2072 265 2146 dc
286 2073 454 2173 paganis,
474 2072 720 2173 qui'sunctsm
740 2070 893 2149 domum
914 2072 980 2147 Dei
997 2074 1070 2147 suis
1084 2089 1161 2149 ma

79 2194 175 2291 pitcr
215 2193 481 2265 maculaverant
523 2190 718 2290 spurcitiis.
759 2190 887 2265 l'initis
922 2190 1159 2293 supplicantis

79 2311 207 2383 lllatris
228 2328 265 2382 et
285 2309 436 2408 apostoli
464 2306 655 2408 precibus,
681 2308 832 2383 Sanctus
854 2308 1070 2384 Sanctorum
1088 2306 1158 2385 ad-

78 2430 237 2528 quievit,
263 2428 437 2525 vultuque
456 2424 665 2526 jocundior,
690 2424 903 2525 presbytero
923 2429 1098 2528 pracepit
1117 2443 1158 2503 ut

77 2572 226 2620 omnem
252 2544 427 2643 populum
453 2544 572 2642 palam
601 2544 813 2645 castigaret,
834 2571 876 2620 ac
899 2544 945 2620 ad
967 2547 1159 2647 poeuiteu·

79 2662 167 2733 tiam
189 2657 409 2733 omnimodis
440 2659 629 2745 invitaret,
658 2676 694 2733 et
722 2658 878 2735 fideliter
900 2662 1085 2735 conversis
1111 2686 1157 2737 ex

78 2795 180 2879 parte
210 2780 273 2850 Det
309 2804 454 2850 securus
479 2779 714 2876 promitteret
741 2778 841 2879 quod
874 2779 966 2853 inim
994 2779 1158 2880 quinque
1198 2818 1201 2825 ·

78 2898 153 2970 dies
168 2915 417 2994 opportunum
435 2896 505 2968 illis
520 2896 694 2969 auxilium
712 2897 810 2969 Deus
826 2895 1048 2997 provideret.
1069 2897 1157 2971 lime

79 3017 265 3117 presbyter
282 3043 362 3087 cum
371 3015 608 3114 jurejurando
620 3040 728 3114 super
741 3032 907 3090 sanctum
915 3010 1157 3116 Evangelium

79 3152 115 3205 ct
135 3159 279 3205 «uticem
294 3157 416 3204 coram
438 3129 612 3204 Potliense
625 3133 796 3231 episcopo
812 3149 848 3204 et
863 3133 964 3206 omni
982 3130 1156 3205 multitu-

79 3251 163 3321 ‹line
180 3264 397 3320 ‹totitestatns
413 3262 480 3318 est.
499 3246 657 3349 Populus
680 3248 867 3319 confestim
889 3246 933 3319 ad
957 3246 1156 3322 lomentum

80 3369 319 3465 corner-timu,
347 3381 383 3437 et
405 3364 450 3436 dc
471 3379 590 3437 reatus
612 3364 666 3435 sui
688 3365 909 3437 corilessione
930 3364 1022 3437 alius
1044 3364 1156 3439 alium

79 3470 304 3556 cohortatur.
324 3481 454 3553 Sullusi
470 3506 535 3554 ora
552 3476 714 3568 lletibus,
730 3479 899 3553 cineratis
923 3477 1102 3578 capitibus
1119 3496 1157 3553 et

83 3601 187 3673 nudis
206 3602 372 3698 pedibus,
399 3625 524 3672 omnes
552 3600 587 3671 in
605 3598 763 3672 ecclesiis
780 3598 909 3697 passim
932 3615 1059 3685 ciant,
1078 3598 1157 3673 lto-

81 3721 171 3790 mini
202 3735 330 3816 petunt
355 3717 528 3789 auxilium
555 3732 593 3789 et
616 3730 748 3816 rogant
771 3714 976 3789 consilium.
1002 3716 1158 3789 Jurase·

82 3855 169 3908 rnnt
199 3864 324 3909 omncs
355 3836 459 3908 tlnccs
490 3834 674 3908 communi
701 3832 849 3908 decreto
884 3832 982 3934 quod
1013 3833 1154 3920 nullus,

82 3955 199 4055 quoml
215 3956 358 4043 vixerit,
374 3953 418 4024 tle
433 3954 496 4025 illo
507 3951 771 4053 subterfugeret
783 3952 951 4052 collegio,
966 3950 1082 4024 donec
1093 3950 1158 4021 Je-

83 4073 236 4144 rusalem
249 4072 422 4156 tulissent,
440 4087 476 4143 et
490 4069 694 4170 sepulcrum
707 4068 852 4143 Domini
863 4064 1055 4142 deosculati
1068 4065 1159 4141 luis·

84 4206 174 4260 sent.
200 4189 407 4260 'l'anrretlns
430 4190 535 4261 etiam
554 4189 689 4287 juravit
712 4185 810 4287 quod
831 4182 1004 4286 quamdiu
1021 4208 1067 4258 xt.
1084 4185 1159 4259 mi-
