3016 5242
426 450 544 512 LIBER
563 450 751 513 OCTAVUS.
1064 451 1123 515 441

57 583 185 680 arguti
191 579 401 681 philosophi
412 608 460 654 ac
473 582 622 656 dicaces
632 582 854 671 sclmlastici,
868 584 903 655 si
913 587 1130 658 renunciant

55 697 191 769 soeculo
197 753 210 784 ,
223 713 402 795 cogantur
412 698 596 771 servilibus
607 716 641 771 et
652 699 877 799 incongruis,
892 725 990 772 more
1000 701 1130 774 uilium

55 816 345 912 mancipiorum,
377 816 506 888 studiis
532 842 595 888 seu
626 814 812 890 laboribus
836 822 1021 917 occupari.
1055 819 1131 892 Pru
1183 826 1189 893 ².

56 933 161 1004 victa
168 937 322 1033 proprio
335 931 661 1034 decimsefidelium
682 934 741 1007 oei
756 932 956 1008 oblationes
967 935 1134 1032 generali
1182 898 1191 1019 l

56 1051 277 1120 auctoritate
291 1051 537 1122 concedantar
549 1050 690 1124 clericis
699 1069 735 1125 et
743 1052 818 1126 Dei
830 1053 1018 1140 ministris,
1036 1054 1132 1125 sicut
1177 1022 1184 1115 i

59 1165 204 1236 Paulus
220 1167 405 1267 apostolas
421 1170 474 1239 ait
488 1166 688 1241 Corinthiis
708 1197 717 1240 :
733 1167 802 1261 Qui
822 1169 857 1241 in
875 1169 1031 1242 sacrario
1047 1193 1133 1267 ope-

56 1298 200 1370 rantur,
221 1310 301 1382 qnae
319 1282 363 1356 de
380 1285 535 1358 sacrario
552 1300 651 1375 sunt,
667 1283 794 1357 edunt.
808 1284 877 1378 Qui
891 1285 996 1359 altari
1015 1282 1132 1357 deser·

55 1400 182 1487 nunt,
203 1426 287 1472 cum
302 1401 405 1473 altari
427 1402 691 1501 participantur
712 1403 783 1501 (1).
807 1410 868 1476 Ita
890 1419 925 1475 et
947 1403 1131 1476 Donn'nus

56 1520 238 1590 ordinarit
249 1518 324 1608 liis,
345 1523 410 1618 qui
421 1523 460 1594 E
461 1520 668 1618 vangelium
683 1523 930 1611 annunciant,
949 1520 995 1592 de
1009 1520 1132 1594 Eran-

55 1636 156 1733 gelio
179 1639 308 1708 vivere.
334 1637 415 1710 Nos
442 1653 564 1710 autem
591 1654 625 1709 et
651 1638 779 1710 ordine
803 1652 838 1711 et
862 1637 982 1736 officio
1009 1637 1133 1710 clerici

55 1773 202 1840 ereneus,
230 1772 263 1825 et
286 1755 454 1827 clericale
479 1757 660 1828 seruitium
685 1782 825 1828 summo
845 1754 1036 1857 pontfici,
1066 1757 1133 1854 qui

52 1873 258 1970 penetravit
286 1872 414 1962 coelos,
435 1873 639 1970 offerimus,
659 1889 698 1944 ut
715 1888 846 1946 sortem
871 1897 1039 1974 superna
1067 1871 1132 1943 lie·

58 1990 242 2078 rediretis,
264 1995 346 2090 ipso
361 1991 583 2090 adjurante,
602 1990 841 2063 obtineamus.
861 1989 1132 2063 Ecclesiastico

59 2107 174 2203 igitm
197 2105 367 2206 benificia
385 2109 473 2207 jure
490 2109 743 2209 possidemus,
765 2123 799 2178 et
817 2109 998 2180 communi
1016 2132 1132 2180 sarre-

60 2227 155 2293 tione
181 2251 321 2323 semper
343 2242 461 2296 tenere
482 2224 723 2298 decernimus.
753 2225 857 2313 Hoc,
892 2250 913 2296 o
944 2225 1133 2298 reverende

54 2358 178 2442 pater,
202 2345 393 2415 sanctitati
407 2362 536 2415 uestra
559 2341 809 2416 indubitanter
826 2361 950 2416 notum
966 2345 1030 2430 sit,
1049 2367 1133 2442 qua

58 2486 83 2530 a
93 2459 273 2557 prioribus
284 2459 488 2549 coeriobitis,
500 2463 566 2560 qni
573 2460 743 2560 religiose
751 2463 942 2551 vt'ccerant,
951 2459 1133 2534 servanda

58 2577 285 2667 didicimus,
324 2606 370 2650 ac
409 2594 447 2649 at
480 2579 627 2651 heredes
659 2578 800 2652 ordinis
832 2596 866 2651 et
892 2578 1132 2682 professionis

58 2694 248 2768 babemus.
281 2696 461 2794 Qieandiu
488 2697 767 2787 Claniacenses,
788 2701 861 2769 siae
883 2696 1130 2783 Turonenses,

58 2811 194 2909 aliique
215 2812 399 2910 regulares
421 2816 510 2900 oiri,
529 2839 574 2885 ea
591 2809 857 2910 noctisuerint,
882 2840 956 2887 non
974 2812 1133 2884 dimitte·

57 2957 159 3011 mus,·
174 2957 253 3018 nee,
269 2948 308 3000 nt
324 2933 504 3002 temerarii
520 2932 718 3004 novitatum
730 2930 997 3020 adinventores,
1015 2926 1133 3027 asra·

58 3048 172 3119 tribus
190 3057 320 3120 nostris
338 3049 444 3147 longe
462 3053 603 3149 lateque
620 3049 862 3122 condemnari
878 3049 1060 3121 nolumus.

109 3165 195 3235 llaec
219 3181 254 3235 et
282 3165 385 3261 plura
409 3163 463 3234 his
487 3165 615 3237 similia
638 3164 825 3237 monachis
845 3180 1052 3237 constanter
1073 3161 1133 3235 di-

58 3280 237 3366 centibus,
254 3280 376 3366 abbaS,
394 3280 429 3353 in
439 3308 498 3351 sua
511 3282 593 3352 satis
606 3282 772 3378 pertinax
788 3282 978 3368 sententia,
990 3280 1134 3352 recessit

57 3400 107 3473 ab
126 3401 193 3487 cis,
213 3427 296 3472 cum
311 3399 500 3472 duodecim
517 3398 584 3472 sibi
607 3397 881 3472 assentientibus
902 3400 975 3496 (2);
1000 3396 1133 3498 diuque

95 3705 136 3770 (r)
154 3703 166 3755 1
184 3705 255 3767 Ona,
273 3721 313 3768 rx,
334 3700 373 3757 13.

95 3796 135 3862 (a)
149 3796 192 3845 Au
205 3791 259 3845 lien
273 3792 422 3859 dodonae,
439 3791 503 3845 lisez
519 3814 524 3844 :
540 3791 581 3844 six
594 3808 631 3845 ou
645 3792 734 3865 vingt.
749 3789 855 3845 Robert
868 3789 954 3863 partit
966 3788 1002 3845 de
1015 3789 1134 3845 Molimc

60 3901 127 3937 avec
137 3884 177 3935 six
188 3881 321 3952 religieux
332 3881 499 3947 seulement,
512 3879 582 3934 dont
593 3879 729 3934 l‘histoire
740 3898 755 3933 a
768 3879 1050 3945 consentianum,
1062 3894 1135 3950 pour

59 3972 130 4026 aller
144 3982 255 4024 troumr
269 3971 458 4043 l’arclreviqne
470 3968 504 4022 de
518 3970 608 4041 Lyon,
624 3968 698 4043 legat
711 3967 750 4022 du
763 3988 847 4042 pape5
863 3969 943 4041 apris
954 3967 1021 4041 quoi
1035 3965 1055 4021 il
1068 3984 1133 4020 rcu-

61 4074 105 4116 tra
120 4061 188 4114 dans
203 4080 229 4114 sa
244 4064 452 4127 connnunauti,
471 4070 499 4114 et
512 4058 538 4112 la
551 4060 642 4133 quitta
654 4059 689 4112 de
704 4076 845 4127 convena,
861 4058 931 4112 snivi
947 4066 1020 4112 cette
1034 4055 1085 4109 fois
1098 4053 1134 4110 de

61 4154 142 4224 vingt
160 4152 308 4225 religieux,
323 4150 417 4224 quand
433 4149 453 4204 il
469 4161 518 4204 eut
536 4169 602 4224 repa
616 4160 645 4206 et
662 4149 757 4205 norisne
775 4148 800 4204 la
814 4149 896 4206 lettre
910 4147 959 4220 qui
971 4145 1133 4202 t’autorisait

63 4248 78 4296 ir
93 4262 122 4295 se
137 4245 245 4304 retirer,
261 4262 330 4314 pour·
343 4245 419 4295 errici
433 4261 469 4295 nn
484 4240 582 4296 irorivcl
596 4239 811 4295 erabtissemeni.
