3046 5244
608 467 726 531 menn
744 465 902 531 sextus.
1247 466 1283 529 41

236 617 337 701 etper
345 600 527 673 seniorem
541 600 766 676 Guaiterium
780 615 1025 702 eoguomento
1034 597 1219 673 Gibnium
1231 601 1287 697 (ι)

233 719 376 793 omnino
402 716 589 791 interdixit
622 744 669 792 ne
690 720 785 792 ullus
814 719 972 820 aliquam
994 715 1288 792 eonsuetudinem

231 862 283 911 seu
296 835 530 936 privilegium
542 835 675 937 abque
686 835 947 911 monachorum
956 835 1140 909 voluntate
1153 835 1191 906 in
1206 834 1289 932 ipsis

231 953 388 1029 baberet.
414 954 558 1028 Fratres
588 980 732 1056 quoque
755 957 830 1057 ejus
849 985 859 1026 ε
878 953 1092 1028 Guillelmus
1113 952 1227 1025 Rufus
1252 968 1289 1024 et

229 1073 402 1147 burricus
415 1097 517 1174 reges
534 1072 754 1174 Anglorum
772 1090 879 1174 atque
891 1070 1098 1147 Goissredus
1114 1069 1288 1169 archiepi-

229 1215 371 1289 soopus,
387 1190 605 1291 omniaque
620 1192 829 1291 praescripta
844 1207 942 1281 sunt,
961 1187 1188 1263 Uticensibus
1202 1212 1288 1261 mo·

228 1306 345 1381 uehis
362 1323 633 1399 oonoesserunt,
646 1311 707 1411 qui
718 1311 793 1410 jam
809 1334 876 1408 per
891 1310 1025 1383 multos
1037 1332 1151 1381 annos
1165 1304 1289 1379 eadem

228 1425 259 1499 in
273 1450 365 1525 paee
379 1424 628 1525 possederunt.
646 1424 818 1502 Canonici
836 1429 970 1529 quippe
983 1423 1170 1501 monacbis
1183 1447 1290 1497 cesse·

227 1558 326 1631 mut,
343 1545 429 1645 quia
442 1545 593 1619 virtutes
604 1570 753 1633 eorum,
769 1571 859 1647 quos
869 1544 1004 1647 assequi
1019 1542 1236 1645 nequibant,
1249 1541 1288 1613 in

226 1660 392 1735 omnibus
406 1662 582 1737 excellere
601 1663 785 1738 viderunt.
807 1663 1041 1739 Guinimarua
1055 1664 1152 1737 enim
1168 1677 1206 1735 et
1224 1661 1290 1734 Be·

228 1778 403 1866 nedictus,
416 1796 524 1881 utque
540 1777 723 1855 Jobanues
737 1780 832 1855 filius
844 1782 951 1881 ipsius
967 1778 1153 1855 monachia
1171 1777 1290 1877 pluri-

228 1894 406 1970 busannis
422 1899 582 1971 comitati
597 1914 700 1988 sunt,
719 1898 928 2000 morbisque
940 1896 1085 1971 tandem
1113 1899 1290 1996 ingraves·

229 2015 387 2088 sentibus
418 2015 657 2089 decesserunt.
688 2014 911 2091 Gislebertus
934 2031 1072 2105 autem,
1097 2014 1159 2113 qui
1186 2012 1291 2086 sociis

228 2129 392 2203 omnibus
418 2131 613 2230 sapientior
643 2131 844 2223 eminebat,
868 2147 906 2205 et
929 2129 1135 2203 Gualterius
1159 2153 1291 2202 mona-

227 2243 505 2346 ebatumsponte
516 2246 717 2332 subierunt,
726 2248 1051 2322 etemendatiorem
1061 2246 1174 2317 vitam
1184 2242 1288 2343 polli-

228 2364 450 2463 oentes,jam
462 2365 563 2439 senio
575 2365 678 2438 fracti
691 2368 953 2466 migraverunt.

271 2478 367 2551 ῊΙΙ.
381 2481 489 2556 Nunc
504 2481 549 2556 de
562 2485 801 2583 generositate
814 2482 1059 2583 Alsagensium
1071 2480 1236 2565 heroum,
1253 2494 1290 2550 et

227 2595 385 2672 moribus
399 2624 528 2673 eorum
546 2600 635 2674 libet
651 2628 847 2702 parumper
863 2617 1052 2676 annotare.
1072 2597 1287 2685 Guibertus,

226 2733 465 2815 cognomento
479 2716 681 2793 Advocatus
693 2718 737 2792 de
749 2722 881 2793 Sancto
892 2718 1084 2791 Gualerioo
1094 2718 1165 2815 (a),
1177 2714 1288 2788 filiam

229 2900 437 2915 *—

259 3008 278 3058 ἰ
305 3006 427 3061 Gautier
445 3006 570 3073 Giffard,
586 3007 731 3063 deuxibme
745 3008 784 3063 du
797 3028 878 3074 nonr,
893 3018 984 3063 comte
996 3006 1031 3062 de
1049 3005 1241 3078 buchingham
1262 3015 1289 3059 et

228 3110 351 3161 urentur
363 3096 399 3151 de
409 3096 597 3169 longueriiie.

257 3186 296 3253 (r)
318 3186 341 3239 ΙΙ
360 3186 441 3259 a'agit
462 3188 495 3241 ici
516 3187 552 3242 de
577 3187 977 3254 Saiut-Vaieneurssomme,
997 3186 1067 3242 dont
1083 3186 1122 3242 ies
1149 3187 1290 3259 seigneun

232 3272 356 3328 u'etaient
374 3294 428 3349 que
450 3275 489 3330 les
507 3280 606 3330 avoua'e
623 3277 658 3332 de
675 3277 797 3351 i’abbaye
814 3277 913 3333 fondee
933 3296 983 3351 par
995 3276 1118 3332 Clotaire
1130 3295 1165 3330 en
1177 3271 1244 3339 613,
1262 3284 1292 3329 et

231 3380 243 3409 a
257 3360 374 3434 laquelle
386 3363 411 3417 la
424 3365 593 3418 suaerainete'·
607 3363 646 3418 du
659 3365 715 3421 lieu
726 3366 909 3439 appartenait.
922 3365 1038 3420 Comme
1051 3364 1118 3419 c'est
1129 3363 1165 3417 de
1177 3382 1209 3418 ce
1227 3373 1291 3434 port

232 3468 280 3521 qoa-
301 3451 325 3506 la
341 3453 419 3508 ssotte
440 3454 600 3510 Normande
623 3457 708 3528 partit
733 3475 804 3529 pour
829 3456 896 3510 aller
917 3456 1067 3531 conquerir
1084 3453 1289 3527 l'Angietetre.

233 3540 247 3589 i!
259 3544 323 3595 arsit
341 3543 501 3617 impossible
515 3565 571 3620 que
589 3567 630 3603 ses
647 3549 804 3620 seigneora,
819 3546 959 3602 al‘ailleura
976 3546 1052 3602 altiss
1071 3556 1099 3600 et
1112 3555 1224 3619 parents
1242 3542 1291 3597 des

233 3627 303 3691 durs,
313 3634 534 3690 inmtoubiies
543 3637 611 3693 dans
621 3638 646 3693 ie
655 3649 768 3712 partage
778 3637 826 3692 dee
837 3636 921 3692 fruita
931 3636 966 3691 de
975 3637 1001 3692 la
1013 3637 1137 3702 victoire,
1150 3636 1199 3691 des
1209 3633 1291 3709 qu'iis

234 3722 372 3778 touiurent
384 3723 449 3779 bien
462 3744 480 3798 y
501 3727 561 3782 erre
574 3730 705 3802 compris.
724 3729 806 3783 Aorsi
821 3728 941 3785 Vautier
958 3744 995 3782 ou
1009 3726 1128 3783 Gautier
1148 3726 1183 3780 de
1197 3725 1290 3781 saim-

236 3808 319 3867 i'alrri
328 3815 509 3886 maerim-ii,
519 3830 598 3874 entre
607 3830 699 3874 autres
708 3818 859 3885 domainea,
871 3816 1207 3883 {emanoird’lsleworth,
1217 3815 1292 3870 ches-

236 3899 281 3955 Ινιι
295 3903 359 3958 dun
375 3907 508 3961 bnmired
522 3908 590 3963 dam
600 3908 626 3963 le
640 3912 732 3964 comte
741 3909 776 3963 de
790 3908 958 3976 Middiesex,
972 3910 1060 3983 etqui
1077 3907 1230 3978 atoujonrt
1241 3903 1291 3958 fait

237 4003 312 4055 partie
330 3994 364 4049 de
389 3995 414 4049 la
444 3997 578 4052 barennie
599 3997 635 4053 de
650 3998 840 4054 saint-Valeri
862 4018 896 4054 en
920 3998 1098 4072 Angleterre,
1120 4008 1149 4053 et
1168 3994 1288 4056 Robert,

237 4094 312 4137 tonitr
320 4087 354 4141 de
367 4087 480 4149 Drrux,
493 4107 528 4143 en
539 4090 705 4161 jouisaaitii
716 4108 860 4146 encoreeu
877 4108 944 4146 nuo
956 4108 991 4144 au
1004 4089 1080 4145 droit
1089 4088 1125 4143 de
1134 4105 1161 4141 sa
1175 4088 1289 4143 femme,

238 4170 346 4313 ζωη,
363 4176 420 4230 fine
435 4187 465 4229 et
485 4177 618 4234 heritiere
632 4178 668 4233 de
681 4180 818 4246 Thomas,
834 4180 963 4251 seigneur
975 4179 1009 4232 dr
1022 4174 1290 4234 saint-Valeriam-

238 4294 243 4305 ·
290 4281 335 4318 ma.
