3046 5244
612 425 728 487 steen
749 423 906 487 SEXTUS.
1249 425 1290 488 49

237 572 350 628 umen
366 571 508 654 peccata
524 582 584 627 sua
599 555 793 629 secundum
809 556 965 630 Danielis
982 557 1172 630 consilium
1189 556 1288 629 redi-

234 687 347 743 munt.
368 670 429 742 lsti
444 670 614 742 nimirum
636 687 754 769 partes
769 697 847 742 suus
863 669 908 743 de
929 670 1107 743 manubiis
1133 669 1287 745 bostium

234 786 427 885 accipiunt,
455 785 542 858 dnm
566 786 610 859 de
635 788 787 860 terrenis
811 786 1089 886 possessionibus
1113 789 1189 862 Deo
1210 814 1289 861 ser-

234 902 406 974 vientium
421 902 635 974 monasteria
656 917 889 989 construunt,
910 902 1012 975 etde
1034 905 1158 1004 iniquo
1174 930 1291 975 mam-

233 1044 334 1093 mona
356 1044 554 1118 pauperum
574 1036 609 1092 ct
628 1018 856 1093 infirmorum
871 1018 1105 1093 Xenodochia
1125 1023 1184 1120 pie
1206 1046 1291 1094 con·

232 1137 401 1224 stituuut,
420 1135 515 1209 etde
530 1136 734 1209 substantiis
747 1137 818 1210 suis
836 1136 1041 1210 emtoribus
1055 1138 1139 1210 coeli
1155 1139 1288 1211 vietum

230 1269 261 1326 et
272 1255 443 1326 restitum
456 1255 663 1353 porrigunt.
678 1255 793 1327 Porro
808 1279 872 1326 rex
886 1252 1140 1337 Sodomorum,
1159 1255 1289 1326 trium-

229 1368 348 1469 phanti
362 1368 498 1441 Abram
508 1368 669 1457 adulans,
683 1369 868 1442 diabolum
880 1370 1023 1469 figurat,
1040 1371 1101 1470 qui
1117 1370 1216 1443 mille
1229 1396 1290 1441 ar-

229 1485 321 1560 tibus
338 1484 492 1560 nocendi
510 1487 658 1560 Sanctos
674 1485 834 1588 quotidie
850 1503 980 1575 tentat;
998 1512 1088 1588 quos
1105 1486 1288 1560 blanditiis

228 1620 260 1675 et
276 1599 480 1675 terroribus
497 1599 739 1701 noctedieque
757 1602 942 1702 impugnat
951 1656 962 1690 ,
983 1617 1019 1674 et
1031 1603 1152 1675 omnia
1163 1600 1288 1674 mundi

228 1718 501 1807 delectamenta,
523 1716 734 1818 divitiasque
757 1719 813 1791 rel
836 1718 991 1792 honores
1009 1718 1053 1791 ad
1075 1717 1146 1792 hoc
1163 1716 1291 1791 callide

229 1837 505 1924 sumministrat,
533 1852 573 1907 ut
599 1836 733 1907 animas
764 1834 990 1910 solummodo
1021 1837 1056 1908 in
1077 1833 1288 1907 barathrum

230 1952 439 2052 perditionis
456 1978 576 2024 secum
595 1951 792 2051 pertrahat.
810 1952 945 2026 Abram
964 1979 1052 2028 vero
1074 1952 1290 2026 blandientis

228 2071 476 2145 assentationes
489 2070 582 2170 regis
595 2072 832 2168 contempsit,
850 2096 916 2144 nec
930 2071 1048 2144 laudes
1058 2096 1125 2144 uec
1139 2095 1288 2142 munera

228 2184 397 2284 qtraelibet
413 2183 459 2256 ab
478 2186 541 2258 illo
556 2187 716 2284 recipere
736 2184 886 2286 dignum
901 2184 1027 2277 duxit,
1050 2186 1110 2259 sed
1133 2185 1290 2258 commi-

229 2301 397 2375 litonibus
409 2317 547 2374 tantum
563 2304 633 2375 suis
646 2318 764 2401 partes
782 2329 859 2375 suas
869 2358 880 2390 ,
900 2319 937 2376 et
953 2328 1035 2404 quae
1051 2301 1208 2376 adesum
1227 2327 1289 2374 ne·

227 2422 371 2492 cessaria
395 2435 516 2507 erant,
541 2445 682 2493 sumere
697 2421 874 2519 permisit.
899 2421 957 2492 Sic
983 2420 1158 2491 nimirum
1175 2419 1287 2491 sancti

226 2537 310 2623 riri,
330 2536 421 2609 dnm
445 2538 480 2608 in
508 2536 571 2611 hac
592 2539 664 2610 vita
684 2555 823 2636 tempus
847 2537 987 2609 milities
1003 2562 1075 2609 suae
1092 2551 1286 2634 peragunt,

227 2655 342 2727 omnia
359 2653 540 2726 mundana
559 2680 627 2752 pro
645 2655 779 2727 eoelesti
805 2653 981 2759 desiderio
1004 2668 1199 2752 spernunt,
1223 2676 1287 2725 nec

228 2772 334 2844 ullam
352 2771 551 2844 mercedem
583 2798 650 2868 pro
679 2773 875 2844 sanctitatis
900 2796 972 2842 suae
998 2769 1288 2843 remuneratione

230 2903 411 2986 appetunt.
442 2886 577 2958 Verum
595 2884 794 2959 mundanos
819 2886 1017 2984 principes,
1038 2885 1099 2984 qni
1128 2883 1197 2956 lide
1220 2883 1285 2954 Ca·

232 3004 355 3078 thelica
374 3021 410 3076 et
431 3020 649 3077 aeternorum
667 3003 842 3077 desiderio
858 3003 1040 3076 bonorum
1056 3008 1105 3076 eis
1117 3004 1288 3075 comitan-

232 3138 298 3208 tur,
317 3121 513 3194 admonent
530 3139 570 3193 ut
592 3123 745 3194 ecclesiis
764 3138 881 3220 partes
897 3147 975 3193 suas
997 3119 1042 3192 de
1061 3119 1287 3219 patrimoniis

232 3256 262 3310 et
286 3240 481 3340 ‹pnaestibus
498 3242 567 3311 suis
593 3239 749 3328 donent,
768 3256 804 3312 et
828 3265 959 3338 egenos
983 3236 1179 3338 mundique
1204 3261 1287 3308 oon·

234 3374 419 3458 temptores
435 3359 505 3429 suis
523 3356 701 3430 beneficiis
716 3373 931 3445 sustentent3
950 3373 990 3428 ut
1008 3383 1026 3428 a
1044 3355 1204 3441 Christo,
1223 3353 1284 3452 qui

233 3500 265 3545 se
281 3476 315 3546 in
333 3473 550 3574 pauperibus
565 3499 638 3547 esse
659 3475 798 3561 asserit,
823 3498 1019 3572 perennem
1041 3472 1193 3571 gloriam
1218 3467 1284 3541 sibi

235 3592 426 3666 vendicent.
453 3592 577 3664 Multis
594 3590 787 3692 approbari
815 3606 932 3691 potest
953 3587 1226 3664 auctoritatibus
1248 3600 1285 3659 et

235 3710 394 3808 exemplis
409 3709 507 3809 quod
524 3726 664 3783 tantum
681 3709 747 3782 sibi
769 3708 931 3783 homines
949 3709 1110 3781 retinent
1126 3705 1170 3779 ad
1181 3729 1285 3776 emo-

237 3824 425 3899 lumentum
455 3844 600 3901 reternae
628 3828 768 3913 salutis,
793 3843 968 3927 qnantum
994 3827 1031 3896 in
1060 3824 1283 3921 eleemosyna

236 3944 501 4017 misericorditer
519 3943 739 4017 distribuunt
757 3948 859 4044 juxta
876 3960 1095 4044 praeceptum
1121 3940 1284 4012 Salvato-

236 4058 286 4128 ris.
305 4060 394 4133 llam
418 4087 456 4133 ea
472 4088 553 4161 quae
570 4087 639 4159 pro
662 4060 898 4136 delectatione
916 4061 1032 4133 carnis
1049 4054 1199 4155 prodige
1223 4053 1282 4124 di-

236 4177 479 4265 stetinenses
498 4206 566 4277 pro
579 4178 770 4252 mundialis
787 4180 882 4251 inani
901 4176 1091 4276 splendore
1107 4171 1284 4244 felicitatis

302 4318 353 4364 ιιι.
1113 4297 1133 4376 l
