3046 5244
225 450 266 507 so
501 441 684 503 ursroru
707 440 1009 503 cccrrsusnca.
1201 442 1290 521 [ssa]

224 578 327 651 miles
349 576 518 649 emeritus
544 600 638 648 cxxx
664 591 754 647 esset
778 599 979 663 sanorum,
1008 589 1086 648 toto
1111 571 1290 647 desiderio

225 694 374 784 mentis,
400 695 457 769 cui
479 692 606 768 devote
624 692 814 781 servierat,
835 693 960 767 faciem
982 692 1176 789 adoptabat
1199 716 1293 765 oon·

228 813 413 913 templari;
437 838 580 885 servum
602 810 769 885 videlicet
789 836 941 911 arguens
968 809 1207 898 infidelitatis,
1229 811 1291 910 qui

228 935 453 1035 praeseutiam
480 935 566 1008 velit
587 935 749 1033 refugere
771 931 932 1006 Domini.
956 932 1024 1026 Qui
1048 931 1289 1019 febricitatm,

229 1055 369 1129 nullum
386 1053 480 1124 visus
495 1068 549 1125 est
565 1077 630 1149 per
647 1076 744 1124 xavu
761 1049 836 1123 dies
850 1049 1037 1149 sumpsisse
1059 1049 1204 1138 cibum,
1228 1049 1293 1122 nisi

227 1172 443 1272 aliquotiens
465 1167 603 1243 domini
631 1169 714 1241 lesu
737 1169 901 1268 corporis
924 1186 1210 1257 sacramentum
1236 1168 1294 1240 in·

228 1305 406 1362 cesmnter
424 1285 596 1361 fratribus
615 1310 785 1386 erogans,
807 1287 906 1388 quasi
930 1284 1020 1359 nihil
1045 1283 1296 1388 inmqualitatis

231 1420 426 1502 pateretur,
446 1400 559 1475 divini
579 1402 680 1476 verbi
697 1404 919 1501 mysterium.
937 1402 986 1475 Et
1003 1401 1090 1475 dum
1107 1426 1152 1475 ex
1171 1401 1297 1475 ricinis

232 1523 319 1597 locis
339 1520 496 1621 religiosi
520 1520 589 1595 viri
610 1518 728 1594 studio
744 1520 878 1593 visendi
897 1518 941 1592 ad
961 1546 1044 1593 eum
1064 1519 1295 1605 devenimus,

233 1641 537 1739 lacrymantesque
551 1655 785 1735 precarentur
795 1654 853 1727 ut,
867 1636 1000 1738 aliquid
1014 1663 1058 1711 ex
1073 1635 1193 1712 oblata
1211 1639 1300 1711 cari-

233 1774 304 1832 tate
316 1757 505 1855 accipiens,
520 1756 773 1854 corpusculum
786 1755 998 1856 dignaretur
1009 1780 1191 1844 recreare,
1208 1754 1300 1829 dios

233 1875 296 1949 bat
324 1905 333 1947 ε
361 1873 492 1964 Silete,
519 1873 639 1963 silete,
656 1871 818 1972 fratres,·
845 1873 957 1946 nolite
991 1875 1185 1947 suadentes
1210 1872 1301 1946 miti

221 1993 423 2093 jestidr'nm
446 1997 624 2089 ingerere,
650 1991 753 2090 quod
772 1991 857 2065 nolo
874 1995 1037 2094 penitus.
1059 1989 1184 2092 Neque
1204 1990 1301 2064 enim

236 2110 388 2184 terrenis
401 2108 515 2208 epulis
531 2107 732 2208 indigebat,
750 2134 858 2210 quem
874 2110 1028 2208 Spiritus
1042 2110 1192 2182 Sanctus
1208 2109 1302 2181 intus

234 2229 360 2303 alebat.
379 2225 592 2300 Pasoebatur
607 2227 740 2327 quippe
761 2253 823 2328 spe
842 2246 988 2301 aeteruae
1005 2229 1204 2317 suavitatis,
1224 2252 1303 2301 cer·

237 2363 293 2418 tus
303 2343 430 2417 donari
445 2370 512 2442 pro
527 2343 640 2417 labori
653 2346 871 2418 commercio
883 2343 997 2417 beatae
1008 2344 1300 2419 immortalitatis.

238 2464 399 2563 Denique
417 2463 569 2535 instante
584 2461 659 2550 die,
679 2489 748 2562 qua
764 2465 796 2534 ei
818 2463 981 2537 voluntas
994 2480 1072 2537 eret
1085 2462 1251 2552 dissolvi,
1269 2480 1303 2535 et

236 2596 361 2679 optato
391 2580 525 2677 perlrui
558 2579 659 2652 vultu
691 2580 889 2671 Creatoris,
922 2583 1135 2656 convocarit
1162 2584 1303 2657 tratres.

237 2699 334 2791 Quos
350 2699 424 2796 ejus
438 2695 592 2770 discessu
608 2716 822 2785 moerentes,
840 2699 978 2802 etquid
994 2717 1144 2800 agerent
1159 2721 1307 2777 mortuo

238 2831 380 2914 pastore
397 2812 677 2913 proclamantes,
693 2817 742 2888 sic
755 2816 930 2890 allocutus
945 2833 998 2890 eat
1015 2848 1023 2888 z
1040 2817 1189 2909 Filioli,
1210 2846 1307 2891 unu·

238 2935 385 3005 nimiter
406 2934 613 3031 persistite,
649 2938 808 3008 connexi
835 2935 985 3009 vinculo
1008 2934 1223 3009 eharitatis!
1251 2937 1309 3009 Sir

240 3051 344 3123 vobis
366 3054 404 3122 in
429 3053 576 3122 invicem
600 3050 749 3125 dr'lectio
774 3055 997 3154 spiritualis!
1020 3053 1108 3126 Non
1135 3080 1196 3128 nos
1219 3054 1309 3129 sub-

239 3169 351 3268 ripiet
366 3198 380 3236 s
386 3166 524 3241 sbdola
529 3170 647 3265 fluns
664 3169 909 3259 insidiatoris,
927 3189 962 3243 et
978 3170 1077 3271 quod
1087 3175 1309 3274 promisistis

241 3288 334 3377 Deo,
350 3287 499 3384 implere
509 3285 660 3360 studete.
680 3287 915 3361 Sobrietatem
930 3289 1088 3389 diligite,
1103 3292 1309 3365 castitatem

241 3404 435 3493 cusmdite,
460 3402 699 3478 hurrrilitotena
724 3423 857 3495 tenete,
881 3405 1090 3508 superbiunt
1114 3409 1251 3493 vitute,
1276 3426 1311 3480 et

240 3522 335 3595 ulr'us
359 3524 475 3595 silium
497 3526 536 3596 in
560 3524 652 3595 bono
673 3552 781 3627 opere
787 3523 943 3623 jestirret
963 3527 1114 3624 prrrr'rr!
1135 3524 1310 3627 Hospites

241 3658 275 3712 et
292 3646 499 3742 peregrinos
522 3641 677 3741 benigno
694 3645 817 3714 urtinse
834 3646 1026 3744 suscipite,
1042 3660 1192 3744 propter
1204 3643 1310 3716 ilium

240 3768 304 3858 qui
327 3758 424 3829 dim't
448 3787 457 3828 :
484 3758 626 3857 Hospes
638 3759 726 3857 sui,
753 3776 787 3831 et
812 3763 1023 3862 suscepistis
1047 3786 1105 3833 me
1129 3762 1198 3858 (r).
1224 3760 1311 3833 lltee

239 3892 276 3948 et
299 3873 367 3948 alia
392 3873 592 3973 hujusmodi
624 3876 784 3975 glorioso
810 3876 962 3950 Ebrult'o
986 3895 1200 3977 perorante,
1227 3876 1310 3951 data

239 3994 347 4065 etiam
375 4018 460 4092 pate
486 3992 678 4084 fratribus,
699 3997 916 4068 satietissimn
937 3998 1012 4095 ejus
1035 3998 1153 4069 anima
1170 4018 1310 4095 egressa

291 4255 314 4305 t,
329 4238 427 4293 ttstrtr.
444 4236 556 4303 11ῌῆ
