3046 5244
461 447 577 509 LIBER
598 447 754 510 SEXTUS.
1095 452 1135 512 47

85 584 202 661 nidus
218 581 421 658 duodennis
437 606 528 682 puer
542 580 651 672 obiit,
670 582 753 654 etin
772 579 915 653 ecclesia
927 599 1057 656 sanctu
1069 585 1133 658 Dei

81 703 259 804 genitricis
277 698 400 773 Mariae
416 698 609 771 tumulatus
630 698 791 798 quiescit·
814 697 991 772 Jordanus
1006 698 1135 776 deinde

80 821 240 895 successit
251 821 362 892 frater
375 818 465 916 ejus,
480 816 621 916 juvenis
633 813 794 916 pulcher,
809 814 983 918 bonisque
994 819 1134 918 poliens

79 935 249 1011 moribus.
259 936 301 1007 lu
316 934 413 1007 curin
423 932 568 1005 Henrici
580 933 674 1031 regis
687 933 781 1004 iuter
797 956 935 1006 coaevos
942 935 1110 1009 militavit
1119 966 1130 1027 3

78 1056 126 1127 cui
137 1054 309 1152 praesatus
321 1075 384 1123 rex
398 1046 613 1150 prudentem
623 1065 659 1121 et
672 1047 859 1148 pulchram
869 1053 1057 1152 conjugem
1068 1081 1133 1127 no·

77 1173 167 1244 mine
184 1170 365 1242 Julianam
376 1223 387 1257 ,
406 1164 635 1240 Godescalchi
659 1164 788 1255 filiam,
806 1165 905 1240 dedit
913 1197 924 1257 ς
949 1194 1030 1270 quae
1049 1197 1131 1244 cum

79 1287 223 1362 Adeiide
239 1287 363 1387 regina
376 1286 429 1382 (ι)
445 1282 489 1358 de
508 1285 731 1357 Lovenncusi
747 1284 892 1384 regione
910 1287 945 1359 in
964 1285 1132 1386 Angliam

77 1407 201 1503 seuit(
226 1406 256 1503 ).

119 1525 199 1596 Huc
210 1547 322 1623 usque
336 1520 380 1593 de
394 1520 501 1594 rebus
517 1521 553 1593 S.
570 1519 712 1592 Ebrulfi
729 1519 863 1592 diutius
879 1521 1019 1594 locutus
1032 1549 1109 1595 sum
1117 1578 1128 1612 ,

76 1668 150 1741 gnae
167 1656 333 1713 nostrum
352 1664 480 1738 magna
498 1663 541 1711 ex
559 1653 660 1737 parte
678 1637 832 1737 impleut
848 1637 1024 1712 libellum.
1044 1641 1132 1714 lnde

76 1757 156 1831 mihi
184 1782 309 1858 quaeso
336 1781 409 1855 non
434 1754 669 1855 indignentur
695 1755 863 1846 lectores,
888 1757 935 1844 si,
967 1755 1130 1830 beneficii

76 1876 203 1975 accepti
234 1899 395 1961 memor,
432 1872 553 1947 renolo
584 1889 726 1948 nostros
751 1872 1006 1949 benefactores.
1036 1877 1132 1976 Opto

76 1992 235 2094 equidem
251 1990 457 2065 fundatores
474 2007 510 2063 et
530 1990 716 2064 benivolos
734 2008 982 2090 cooperatores
1005 2018 1130 2066 eorum

74 2111 204 2207 scripto
220 2105 472 2182 commendare
488 2106 604 2179 tenaci
617 2107 801 2180 memorioe
823 2123 1072 2206 posterorum,
1094 2127 1133 2180 nt

75 2226 134 2298 iiiii
153 2225 322 2299 Ecclesia
337 2249 458 2298 noram
477 2225 553 2298 Deo
571 2224 607 2295 in
625 2239 817 2322 conspectu
830 2225 1041 2323 angelorum
1059 2253 1131 2298 me·

74 2344 272 2416 moressint
294 2368 438 2431 eorum,
461 2367 616 2443 quorum
639 2339 819 2413 beneficiis
845 2342 883 2413 in
906 2339 971 2415 hac
986 2342 1130 2416 mortali

75 2463 137 2532 rita
147 2477 406 2550 sustentantur,
417 2459 460 2532 ad
470 2457 709 2559 peragendam
719 2460 926 2531 servitutem
935 2461 1132 2534 conditoris

75 2579 333 2651 universorum.
354 2578 446 2651 Hinc
469 2576 587 2650 victor
609 2575 768 2665 Abram,
794 2592 1017 2677 postquama
1037 2576 1133 2652 caede

75 2709 225 2792 quatuor
239 2718 365 2793 regum
379 2695 573 2782 remeavit,
589 2707 625 2765 et
638 2689 731 2765 Loth
746 2708 914 2791 nepotem
929 2720 1032 2766 suum
1050 2720 1132 2768 cum

75 2810 289 2910 concaptivis
302 2812 372 2882 suis
393 2811 580 2910 utriusque
600 2834 718 2897 sexus,
735 2825 771 2882 et
786 2809 980 2883 substantia
1001 2838 1060 2884 sua
1079 2837 1134 2885 re·

75 2925 186 3013 duxit,
203 2927 308 2999 sociis
320 2928 390 2998 suis
408 2943 448 2998 ut
460 2943 577 3025 partes
591 2953 668 2997 suas
684 2925 728 2998 de
747 2927 869 3025 spoliis
891 2925 1132 3001 Sodomorum

76 3046 271 3143 acciperent
285 3044 468 3142 praeccpit.
483 3043 551 3116 Per
567 3041 721 3130 Abram,
737 3044 799 3143 qui
820 3045 932 3116 Pater
947 3045 1131 3119 Excelsus

78 3162 342 3261 interpretatur,
374 3163 520 3260 periecti
544 3162 612 3233 viri
640 3160 886 3261 designantur,
916 3163 976 3262 qui
1006 3179 1131 3236 contra

78 3279 245 3377 malignos
267 3279 413 3377 spiritns
435 3296 471 3352 et
498 3279 582 3350 vitia
609 3279 726 3351 carnis
754 3277 915 3378 quotidie
938 3278 1129 3366 dimicant,

78 3394 242 3467 mnndum
278 3395 473 3496 mundique
516 3395 716 3494 principem
746 3412 935 3494 superant,
970 3413 1133 3473 terrenos

76 3510 172 3584 ustus
189 3530 226 3586 et
245 3513 421 3587 lenocinia
441 3514 558 3586 carnis
572 3513 803 3602 conculcant,
816 3540 857 3585 ac
874 3513 983 3586 veluti
1000 3529 1133 3587 stercus

79 3648 249 3728 reputant.
266 3633 334 3704 Per
347 3630 439 3706 Loth
453 3660 473 3704 a
485 3632 648 3705 barbaris
662 3632 697 3706 in
714 3632 955 3731 captivitatem
968 3632 1130 3724 ductum,

106 3960 113 3989 ²
119 3978 138 4017 ι,
160 3959 294 4014 Addaide
314 3960 348 4016 de
361 3962 496 4025 Manain.
521 3962 575 4018 fille
593 3963 629 4018 de
641 3963 776 4019 Godeiroi
795 3965 838 4030 1⁴¹,
853 3963 895 4018 dit
914 3963 940 4017 le
956 3963 1044 4018 Barbu
1065 3975 1093 4017 et
1108 3963 1133 4016 ie

75 4046 181 4190 ¹(grasrd,
198 4060 291 4104 comto
303 4051 338 4106 de
354 4054 471 4110 Brabant
484 4065 510 4109 et
527 4055 562 4110 de
575 4057 710 4122 Leontio,
727 4066 754 4110 et
766 4054 843 4110 d’lde
855 4054 890 4109 de
902 4054 1017 4115 Namur,
1031 4057 1131 4124 e'pousa

99 4141 155 4192 euri
170 4141 201 4193 i‘·
218 4160 255 4194 en
271 4159 343 4196 irai.

106 4236 136 4294 ‘a¹
156 4231 193 4283 ir
209 4246 243 4304 27
258 4233 320 4284 mai.
