3046 5244
228 458 431 535 [aristus]
604 452 721 517 uuus
741 451 898 514 sexsus.
1228 454 1280 513 131

228 588 263 661 in
289 610 471 661 carcerem
495 580 703 660 ducendis?
727 583 868 656 Enarra
891 579 982 656 mihi
1005 607 1086 682 quae
1108 599 1191 655 sunt
1212 583 1288 656 hoec

227 701 399 779 maleficia
420 718 492 774 tua.
512 710 597 804 Ipse
612 727 718 791 uero,
738 699 836 773 uelut
852 716 1033 789 mortuus,
1054 699 1195 772 nullum
1212 728 1290 773 om-

227 823 315 895 niuo
334 819 436 892 dedit
452 845 675 917 responsum.

279 938 386 1010 Tunc
410 933 613 1035 Badulsus,
644 933 774 1009 uidens
796 933 977 1032 quomodo
998 933 1189 1035 compedes
1217 935 1292 1006 illic

217 1051 358 1151 fracta
370 1053 546 1154 suerunt,
576 1052 729 1127 audiens
753 1053 862 1125 etiam
881 1079 954 1152 per
974 1056 1115 1126 socium
1139 1054 1219 1153 ejus
1246 1052 1293 1124 de

224 1176 391 1273 personis
410 1172 544 1261 tribds,
564 1198 646 1271 quie
667 1197 750 1245 cum
770 1170 908 1243 lumine
928 1195 1110 1243 carcerem
1131 1172 1293 1244 intraue-

229 1303 333 1375 rant,
356 1288 403 1361 de
419 1288 537 1362 uerbis
554 1314 639 1388 qua
656 1284 968 1385 locutcefuerant,
986 1286 1031 1359 de
1052 1290 1170 1360 sonitu
1189 1314 1293 1386 quem

219 1402 408 1501 fecerant,
423 1421 459 1477 et
470 1405 758 1479 animadvertens
773 1403 853 1477 ltaec
863 1402 1111 1478 indubitanter
1120 1403 1295 1478 diuinitus

229 1528 439 1623 contigisse,
464 1524 700 1598 abundanter
719 1525 829 1622 coepit
839 1521 949 1621 flere.
968 1523 1021 1594 Et
1036 1547 1224 1595 conversus
1243 1521 1299 1594 ad

229 1644 421 1731 Bn'cstan,
443 1645 496 1714 ait
515 1671 525 1713 .·
544 1641 689 1729 Frater,
715 1663 837 1715 servus
855 1666 934 1712 sum
959 1665 1027 1740 ego
1046 1640 1157 1712 sancti
1178 1640 1297 1712 Bene-

228 1758 311 1833 dicti
321 1814 333 1849 ,
353 1775 391 1832 et
407 1774 539 1832 saisctae
558 1758 711 1857 virginis
729 1756 953 1858 Egeldridoe3
976 1757 1012 1828 in
1031 1782 1158 1830 eorum
1175 1781 1297 1829 amore

230 1902 370 1950 mecum
388 1877 549 1975 loquere.
566 1879 618 1948 At
637 1876 699 1948 ille
716 1874 902 1976 respondit
915 1902 926 1946 .·
944 1875 981 1946 Si
998 1899 1121 1947 servus
1134 1900 1170 1946 es
1184 1875 1298 1948 Sanc·

233 2010 352 2067 torum
362 1991 635 2092 praedictorum,
647 1992 765 2067 bonus
776 2009 829 2066 est
839 1991 1013 2067 adventus
1026 2008 1119 2064 tuus.
1135 1994 1297 2064 lstavero

231 2136 309 2211 quae
326 2109 425 2183 vides
443 2110 500 2184 vel
517 2108 615 2182 audis
632 2111 726 2183 circa
744 2135 802 2183 me
819 2124 957 2208 patrata
967 2160 978 2198 ,
998 2135 1082 2182 vera
1100 2110 1186 2182 scias
1203 2135 1296 2194 csse,

231 2252 302 2303 non
327 2229 478 2328 magica.
506 2224 693 2326 Raduffiis
716 2243 857 2316 autem,
880 2225 1154 2326 apprehendens
1173 2226 1295 2313 illum,

233 2345 533 2444 adpraesentiam
548 2347 703 2442 reginae,
724 2361 758 2415 et
774 2343 967 2416 multorum
985 2347 1046 2441 qui
1059 2341 1216 2414 aderant
1230 2341 1299 2413 ba-

234 2487 358 2533 tonum
364 2517 377 2550 ,
389 2461 558 2560 gaudens
571 2478 605 2533 et
609 2461 765 2562 plorans
778 2460 900 2533 duait.
917 2461 1065 2533 Interim
1080 2486 1205 2533 rumor
1216 2459 1297 2547 ille,

235 2582 330 2649 ocior
343 2576 504 2675 qualibet
517 2576 680 2667 uolitare,
700 2594 814 2650 totam
829 2576 951 2650 urbem
966 2576 1171 2649 Lundonicu
1180 2601 1301 2676 pervo-

235 2693 332 2781 lans,
355 2719 467 2766 aures
484 2699 643 2767 omnium
655 2720 750 2794 pene
766 2696 895 2769 civium
915 2697 1049 2793 attigit.
1078 2694 1182 2766 Tunc
1207 2695 1300 2767 ciues

236 2807 395 2906 undique
415 2811 453 2880 in
475 2810 606 2882 caelum
628 2809 824 2883 clamorem
847 2810 1033 2899 attollunt,
1056 2812 1172 2881 oninis
1191 2835 1301 2882 secus

236 2939 268 2993 et
278 2941 373 2996 aetas
387 2927 425 2994 in
440 2953 628 2998 commune
644 2954 772 3000 nomen
785 2927 939 3000 Domini
953 2927 1187 3015 benedicunt,
1203 2927 1303 2998 etad

237 3042 395 3130 curiam,
418 3041 481 3113 ubi
496 3041 648 3115 ductum
665 3070 741 3118 esse
758 3045 972 3131 audierant,
991 3061 1139 3119 currunt
1144 3075 1159 3131 ;
1179 3045 1302 3136 lacry-

237 3180 312 3227 mas
336 3154 472 3229 leutitia
493 3159 753 3257 quamplurimi
760 3155 955 3257 fundunt,·
981 3162 1105 3232 cateri
1125 3164 1305 3231 mirantur·

239 3296 317 3369 quoe
329 3274 458 3347 uident
469 3275 531 3347 uel
543 3277 715 3349 audiunt.
732 3278 879 3376 Regina
892 3304 993 3366 uem,
1010 3276 1152 3376 gaudio
1166 3276 1303 3376 repleta

241 3388 335 3481 (erat
353 3395 448 3462 enim
466 3391 560 3465 bona
579 3393 799 3490 christiana)
815 3421 883 3493 pro
902 3397 995 3466 tanti
1012 3397 1169 3467 novitate
1185 3394 1303 3465 miru-

242 3508 329 3595 culi,
344 3508 448 3607 jubet
459 3538 530 3612 per
545 3513 668 3582 omnia
687 3513 843 3583 ciuitatis
859 3516 1077 3585 monasteria
1094 3516 1199 3607 signa
1212 3511 1305 3613 pul-

242 3630 332 3715 sari,
353 3645 387 3699 et
402 3627 449 3698 ab
468 3631 569 3701 omni
583 3630 816 3702 ecclesiastici
832 3629 971 3701 ordinis
986 3647 1160 3701 conuentu
1176 3629 1305 3701 laudes

245 3741 316 3816 Deo
334 3751 490 3819 cantari.
514 3749 673 3879 Cumque
692 3748 755 3820 ille
770 3748 1001 3849 quamplures
1021 3748 1193 3822 ecclesius
1209 3750 1304 3821 civi-

246 3868 342 3948 tatis,
371 3863 519 3935 deuotas
550 3866 627 3972 Βςο
652 3867 796 3964 gratias
822 3863 995 3963 rederens,
1024 3892 1071 3938 ezr
1099 3865 1307 3938 abundanti

247 3979 379 4066 gaudio
405 4006 480 4052 succ
509 3981 730 4054 liberationis
755 3985 940 4071 visitaret,
972 3982 1075 4057 turba
1100 3983 1214 4054 nrirltn
1243 4009 1308 4080 per·

247 4096 341 4166 vicos
358 4122 439 4167 eum
457 4098 673 4197 sequebatur·
684 4117 718 4171 et
734 4101 981 4200 praecedebat,
1004 4118 1037 4174 et
1055 4105 1164 4200 quasi
1179 4128 1306 4173 nouum

250 4205 415 4284 bominem
437 4220 685 4316 unusquisque
712 4218 833 4291 videre
854 4219 1038 4322 cupiebat.
1068 4221 1161 4291 l’um
1185 4238 1306 4293 nutent
