3046 5244
96 450 204 527 frma]
490 446 611 511 trans
630 444 769 511 nonna.
1108 446 1172 511 ssa
1293 542 1300 557 ,

95 593 193 651 sunt.
212 577 314 651 luter
324 602 417 679 quoa
433 578 618 655 Podiensis
629 596 719 655 tunc
731 579 881 680 signiter
894 576 1030 653 occidit
1044 579 1122 678 (a),
1135 594 1174 655 et

95 696 165 769 taisi
180 696 285 768 luteae
304 695 515 771 interessent
525 697 698 787 salebrae,
714 722 798 800 qut!
813 698 997 772 civitatem
1012 722 1032 769 a
1049 696 1176 771 uomit

94 812 334 904 dirimebant,
351 832 387 889 et
401 814 593 891 transitum
607 816 770 906 nullum,
784 814 843 891 vel
857 814 1059 908 difficilem,
1074 816 1176 889 sine-

94 929 205 1018 bant,
224 931 313 1003 laxis
334 929 483 1007 habenis
506 923 580 1032 ipsa
597 949 832 1034 protererent
848 932 1026 1021 tentoria,
1049 947 1089 1006 et
1107 929 1177 1005 de-

95 1046 360 1121 baccharentur
377 1049 414 1122 in
431 1047 725 1124 Christianorum
741 1064 907 1150 gentem,
922 1074 1007 1150 qnae
1020 1047 1096 1149 jam
1109 1046 1176 1119 ali·

95 1167 312 1267 quantulum
329 1183 534 1241 marcuerat
545 1168 616 1267 (a).

144 1281 389 1374 Buamundus,
405 1283 451 1358 de
464 1284 747 1360 Samcenornm
759 1281 973 1384 regrediens
987 1280 1086 1358 bello
1095 1304 1179 1381 per·

95 1416 195 1487 acto,
224 1398 285 1473 sed
307 1401 452 1475 modico
478 1401 577 1504 quod
604 1400 879 1502 depraedaretur
904 1399 1075 1486 invento,
1105 1397 1175 1471 alia

96 1517 305 1591 conscendit
324 1536 510 1594 montana.
529 1518 599 1594 Sed
615 1520 653 1594 in
671 1535 810 1593 tantam
827 1535 924 1592 terra
937 1519 1015 1620 jam
1031 1514 1175 1591 redacta

96 1638 212 1707 luerat
228 1637 448 1724 vastitatem,
470 1652 511 1709 ut
526 1636 633 1710 multi
652 1637 755 1709 vacui
770 1635 1030 1709 remeaverint.
1052 1633 1178 1706 lncan-

97 1779 175 1823 snm
188 1777 277 1852 crgo
292 1752 558 1843 laboraverant,
570 1754 639 1826 nisi
653 1751 753 1855 quod
766 1753 812 1825 de
823 1751 953 1824 Turris
964 1751 1180 1825 solemniter

98 1868 422 1967 triumphaverant.
442 1870 510 1944 Sed
527 1870 629 1944 nulla
655 1870 805 1944 victoria
822 1869 956 1943 lamem
975 1866 1175 1967 extinguit,

96 1986 159 2058 nbi
179 2003 317 2076 tntum,
335 1988 436 2089 quod
452 1988 573 2062 mandi
589 1986 735 2078 debeat,
753 1986 888 2063 deficit.
904 1987 1038 2060 Parnm
1051 1985 1177 2058 laetitia

98 2104 222 2195 durat,
240 2128 349 2206 quam
363 2124 497 2209 egestas
513 2108 615 2208 panis
628 2107 832 2182 contristat.
851 2105 1103 2180 Revemisnnt
1118 2127 1179 2177 an·

100 2238 172 2294 tem
182 2221 227 2295 ad
240 2240 371 2312 castra,
388 2251 470 2325 quoe
483 2222 762 2325 perhorresoena
771 2220 956 2297 sauciabat
967 2218 1098 2295 inedia.
1108 2218 1179 2293 Ar·

97 2341 210 2412 menii
245 2357 281 2413 et
315 2342 480 2433 Suriani,
520 2342 632 2417 lucris
670 2338 941 2441 inexplebiliter
975 2335 1174 2425 inhiantes,

99 2457 320 2532 Christianos
337 2459 482 2535 rediisse
499 2486 631 2535 vacuos
650 2459 836 2548 videntes,
853 2456 898 2532 ad
914 2473 1121 2557 opportuna
1140 2470 1178 2529 et

99 2579 293 2651 remotiora
316 2578 392 2651 loca
404 2577 665 2671 decurrebant,
678 2594 717 2652 et
727 2592 932 2653 coementes
945 2573 1080 2649 cibaria
1092 2598 1177 2675 quae

99 2694 342 2795 reperiebant,
358 2697 395 2770 in
406 2695 796 2786 castradelerebant,et
806 2695 924 2770 multo
934 2689 1177 2793 pretio,quod

99 2813 161 2885 vili
184 2831 392 2913 coemptum
414 2800 514 2908 erat,
536 2812 787 2890 venditabant.
812 2812 933 2888 Morbi
960 2810 1037 2885 lues
1062 2823 1176 2883 castra

100 2931 382 3005 contaminabat.
402 2934 558 3009 Ditiones
575 2934 688 3008 multa
703 2929 950 3034 indigentibus
965 2945 1003 3003 et
1017 2927 1178 3002 ostiatim

98 3049 362 3146 postulantibus
377 3050 526 3124 donaria
545 3049 799 3140 conserebant,
822 3047 884 3123 sed
908 3065 1029 3121 tamen
1052 3044 1177 3119 multis

99 3164 224 3238 diebus
238 3168 413 3239 sustinere
427 3183 482 3240 tot
495 3167 609 3240 millia
623 3194 700 3242 non
713 3182 897 3267 poterant.
917 3164 1177 3265 Cogitavcrnnt

134 3439 172 3506 (ι)
190 3437 349 3502 Heraclius,
370 3434 603 3508 porte-uenderet
621 3433 657 3491 de
674 3435 797 3510 l'e‘reque
810 3434 849 3490 dn
865 3436 933 3502 Pni,
950 3434 1024 3489 irem
1039 3432 1126 3507 putat
1139 3430 1177 3488 de

100 3527 186 3592 Pons,
207 3528 326 3580 ciconus
346 3525 382 3579 de
400 3527 545 3599 Patigran.
564 3528 615 3582 Les
631 3527 724 3581 anca
741 3526 940 3599 resipuerant
957 3522 993 3580 de
1009 3521 1175 3582 t’etenuard.

98 3618 214 3672 suivant
231 3616 370 3671 Raimond
388 3616 526 3689 d‘ngttes,
542 3636 574 3672 ce
587 3619 719 3693 seigneur
732 3635 768 3673 ne
780 3616 806 3672 le
822 3616 926 3690 portait
940 3633 989 3690 pas
1002 3633 1037 3671 an
1051 3610 1178 3670 rnoment

99 3709 171 3761 odil
191 3719 269 3782 rectit
289 3728 324 3762 au
344 3711 435 3781 visage
455 3708 480 3763 lc
499 3725 572 3780 cnnp
588 3708 624 3765 de
643 3708 733 3765 lleebe
749 3708 821 3764 dont
836 3705 858 3763 il
874 3717 1006 3771 mourut,
1022 3705 1132 3773 dit-on,
1150 3700 1178 3761 le

97 3799 189 3871 9jnin
202 3801 320 3853 suivant.

134 3892 173 3959 (a)
184 3889 271 3945 lt'otre
279 3902 400 3945 autaura
409 3889 521 3963 neglige
528 3889 564 3945 de
571 3889 664 3965 parler
671 3888 739 3946 d’ua
748 3899 819 3964 pont
827 3887 864 3944 de
872 3887 1000 3958 batem,
1010 3887 1060 3963 qni
1071 3884 1177 3943 tacttiu

98 3978 243 4053 beaumup
256 3980 294 4034 les
306 3980 467 4054 operatione
475 3979 516 4035 dn
528 3981 614 4054 siege,
623 3988 717 4055 etque
726 3978 767 4035 les
779 3978 882 4035 emite't
894 3978 1001 4033 avaient
1013 3976 1112 4044 e'tabli,
1127 3973 1177 4030 det

99 4068 138 4121 les
157 4072 294 4141 premiere
307 4071 387 4141 jours
400 4070 438 4125 dn
452 4072 542 4144 siege,
558 4088 606 4125 tnr
619 4069 763 4138 l’Oronte,
783 4088 819 4125 en
834 4078 930 4123 arnont
945 4065 984 4122 dn
998 4076 1068 4140 pont
1085 4065 1175 4121 rnn-

99 4160 206 4220 tioclre,
223 4165 236 4213 a
259 4180 310 4232 peu
326 4164 388 4233 pris
402 4163 529 4216 vis-i-tis
544 4161 569 4215 la
582 4172 662 4234 porte
676 4161 726 4236 qui
740 4160 798 4234 prit
811 4157 881 4215 dant
897 4158 923 4213 la
938 4158 1010 4212 ttrite
1022 4156 1049 4211 le
1060 4173 1127 4211 nont
1140 4154 1176 4209 de

100 4260 178 4322 porte
191 4250 229 4302 du
239 4251 305 4302 itur.
323 4250 342 4303 ΙΙ
352 4251 429 4321 s'agit
440 4250 475 4305 ici
485 4249 523 4305 du
533 4252 634 4306 rnarair
642 4252 715 4305 situe'
725 4268 761 4305 tn
770 4258 850 4304 arant
858 4246 894 4301 de
901 4245 926 4301 la
934 4252 1014 4319 porte
1022 4244 1060 4299 du
1068 4242 1171 4301 Cbien.
