3046 5244
61 446 157 521 [tosti
416 440 533 502 umen
553 441 757 503 SEPTIMUS.
1065 446 1118 504 171

62 604 76 647 a
95 574 224 675 priscis
244 570 466 670 temporibus
488 571 630 645 Adrasti
654 589 691 645 et
715 573 995 672 Agamemnonis
1018 574 1126 648 Grae-

62 696 144 767 ciam
159 690 351 766 invadebat
363 693 378 788 <
386 692 429 781 ι).
453 689 632 765 llobertus
646 690 810 764 Gilardua
824 709 860 764 et
873 691 1072 766 Gulielmus
1082 691 1127 767 de

59 809 393 894 Grentesmainillo,
413 809 545 909 aliique
557 808 795 907 probatissimi
811 827 974 907 tyrones,
987 812 1050 913 qui
1065 838 1128 884 uu·

59 952 117 1025 per
128 925 177 999 de
187 925 353 997 Neustria
368 941 558 1015 venerant,
571 923 654 997 huic
666 924 883 1022 expeditioni
895 925 1071 1024 aderant(
1094 929 1123 1026 ).

58 1042 199 1115 llarcus
218 1037 469 1129 Buamundus,
488 1038 669 1113 Wiseavdi
692 1038 786 1112 filius
816 1065 859 1113 ex
882 1040 1126 1115 Normaunioe

58 1176 184 1247 matre,
198 1174 335 1257 patrem
342 1157 505 1258 juvabat,
517 1174 659 1257 partem
669 1159 846 1231 exercitus
859 1158 906 1231 ab
915 1159 1129 1259 absentepa·

59 1294 108 1349 tre
118 1274 277 1375 provido
288 1273 637 1375 regimineducebat,
652 1292 688 1348 et
698 1277 734 1349 in
749 1276 917 1349 omnibus
927 1276 1127 1375 prudenter

56 1419 182 1493 agens,
199 1393 330 1465 luturae
355 1394 499 1466 virtutis
518 1392 698 1492 specimen
724 1392 931 1492 praestabat.
952 1395 1128 1494 Rogerius

56 1526 173 1583 autem
195 1510 307 1581 frater
323 1510 416 1607 ejus,
435 1526 679 1608 cognomento
695 1510 824 1597 Bursa,
844 1510 943 1608 jussu
960 1511 1072 1609 patris
1090 1512 1127 1583 iu

58 1624 186 1723 Apulia
201 1640 433 1712 remanserat,
447 1639 484 1697 et
494 1622 678 1711 ducatum,
690 1624 757 1697 sibi
771 1651 814 1697 ex
832 1623 1040 1699 haereditate
1051 1652 1129 1697 ma·

58 1744 117 1815 tris
134 1741 320 1830 debitum,
340 1741 574 1817 custodiebat.

101 1860 252 1932 Alexius
266 1860 476 1958 imperator,
492 1858 802 1957 Dyrachiauorum
818 1861 964 1958 planctu
977 1861 1125 1946 excitus,

60 1981 243 2077 ingentem
265 1979 464 2051 exercitum
482 1980 708 2079 aggregavit,
725 1995 762 2051 et
779 1950 982 2053 obsidentes
999 1977 1128 2053 urbem

60 2122 154 2167 suam
170 2095 334 2167 terrestri
350 2095 536 2194 navalique
554 2096 683 2193 praelio
702 2112 891 2170 conterere
908 2098 1049 2196 sategit.
1071 2099 1129 2169 lu·

61 2229 169 2299 terea,
186 2212 276 2285 dum
290 2213 499 2312 Augustales
512 2212 687 2286 veredarii
703 2213 862 2314 undique
878 2215 1124 2299 mitterentur,

60 2346 90 2401 et
99 2328 271 2404 cobortes
283 2329 502 2405 bellatorum
516 2329 561 2403 de
577 2331 701 2404 insulis
709 2330 821 2403 maris
833 2347 870 2403 et
879 2329 923 2404 de
936 2330 1127 2430 adjacenti·

89 2608 97 2651 ·‘
103 2624 111 2657 ι
118 2620 127 2671 ,³
141 2604 179 2658 lae
192 2604 256 2657 saux
267 2605 385 2670 llicbel,
402 2607 451 2678 qui
464 2605 559 2658 n‘etait
574 2605 662 2679 qu'un
677 2607 771 2659 moine
783 2606 897 2659 nomme
909 2604 1023 2669 Rector,
1035 2602 1129 2658 dresse

62 2714 112 2747 ια·
124 2697 244 2765 mauege
256 2714 305 2767 par
315 2694 422 2749 Robert
430 2694 581 2762 Guiscard,
592 2696 635 2751 lut
647 2698 781 2769 promere
793 2713 843 2767 par
855 2714 887 2751 ee
901 2696 998 2768 priuce
1009 2702 1130 2749 surtous

62 2784 94 2837 les
110 2788 205 2857 points
224 2784 260 2837 de
279 2785 377 2839 l'ltalie
390 2784 581 2839 meridionale.
595 2786 735 2860 (iregoire
750 2785 806 2841 vll
820 2786 909 2859 partit
923 2784 999 2839 avoir
1012 2786 1057 2840 dte
1074 2782 1130 2839 lui-

63 2878 144 2929 uime
154 2876 317 2929 nelle-ruent
326 2875 400 2947 dupe
409 2875 444 2928 (le
456 2886 527 2929 cette
539 2877 702 2948 impostore.
710 2889 737 2931 et
752 2875 947 2931 recommauda
960 2875 995 2929 de
1008 2885 1071 2929 tout
1079 2892 1128 2928 sou

63 2967 205 3033 rouvoirle
215 2958 763 3039 pretendulliclrrlauxamisdel’liglise.
773 2966 1129 3040 llobertpartitduportde

65 3056 174 3113 brindm
188 3078 250 3113 rers
263 3060 287 3112 la
298 3060 334 3113 fiu
347 3059 382 3114 de
391 3060 455 3130 juin
471 3060 551 3124 108¹,
566 3071 595 3114 et
607 3060 729 3132 pendant
740 3059 808 3134 qu’il
817 3059 968 3133 s‘oceupait
979 3059 1013 3114 de
1027 3059 1052 3113 la
1065 3076 1131 3113 cou-

65 3150 138 3219 quite
151 3148 187 3201 de
199 3152 209 3197 t
216 3150 319 3213 Iarion,
333 3168 436 3220 envoya
446 3169 481 3203 eu
492 3161 573 3203 arant
585 3168 633 3202 sur
645 3149 671 3204 le
683 3151 831 3203 continent
843 3148 878 3201 de
892 3148 1017 3221 l'empire
1028 3166 1078 3202 son
1088 3145 1129 3202 fit·

66 3234 200 3290 uvarum
217 3258 281 3291 avec
299 3239 399 3311 quiuze
417 3241 565 3293 raisseaux.
580 3240 620 3293 Cc
640 3239 682 3293 sut
703 3240 727 3292 le
751 3244 781 3304 ¹4
796 3237 891 3309 juillet
902 3238 970 3313 qu'il
988 3239 1076 3292 arriva
1094 3255 1128 3291 en

67 3329 147 3381 uisne
159 3339 250 3400 temps
265 3348 320 3400 qur
334 3329 373 3382 lui
391 3329 491 3384 devant
503 3330 641 3395 Durazzo,
658 3331 738 3402 apres
750 3330 826 3382 avoir
834 3332 931 3401 essuye
940 3347 995 3382 une
1008 3328 1130 3400 tempete

67 3420 182 3473 terrible.
196 3422 236 3473 Ce
245 3422 340 3474 u’euit
355 3440 402 3491 pas
413 3425 427 3474 l
438 3421 499 3485 dir,
512 3423 581 3476 mais
592 3425 606 3476 i
618 3422 719 3495 quinae
731 3421 806 3474 mille
817 3421 943 3475 bornrnes
952 3438 1007 3493 que
1019 3417 1129 3473 t‘arrnte

71 3508 221 3563 lornraude
234 3514 301 3575 etat
312 3511 432 3565 induite.

99 3608 132 3669 a·
145 3600 254 3655 llnlwrt
269 3601 378 3655 tiiffard
393 3602 460 3656 etait
474 3621 511 3656 uu
526 3603 650 3656 membre
667 3601 702 3655 de
721 3602 745 3655 la
762 3600 865 3655 tantille
882 3599 991 3655 Giffard
1005 3599 1040 3655 de
1055 3601 1128 3654 Lon-

72 3691 194 3753 rumille,
212 3692 426 3764 probablerueut
443 3693 516 3747 frere
532 3693 568 3746 de
584 3693 703 3747 Gautier
722 3690 847 3757 Giffard,
870 3690 973 3745 second
987 3690 1026 3745 du
1045 3708 1128 3753 norn,

72 3794 151 3833 tomte
165 3782 200 3835 de
215 3783 415 3853 Ruclinglram,
430 3794 458 3836 et
471 3801 526 3837 uon
544 3802 590 3855 pas
600 3802 637 3836 un
649 3783 735 3855 puiue
748 3782 782 3837 de
797 3782 822 3836 la
836 3781 938 3836 lamille
952 3782 988 3836 de
1000 3781 1129 3837 Tillieres

74 3892 102 3921 ιιι
111 3872 142 3925 de
157 3874 309 3945 fungeres,
322 3876 542 3929 couforme'ment
555 3878 569 3927 i
581 3893 619 3927 un
635 3885 708 3929 texte
719 3876 825 3929 ricieux
838 3873 877 3927 du
887 3875 1083 3927 continuateur
1096 3871 1130 3925 de

75 3962 221 4019 tiurllaurue
237 3964 272 4017 du
289 3967 445 4037 Junricges,
468 3967 552 4039 qu’on
568 3976 665 4019 trouve
679 3965 748 4020 daus
766 3965 926 4028 Ducbesue,
942 3962 1013 4018 Hirr.
1030 3964 1128 4015 Nurm.

78 4052 156 4121 lmpt
170 4102 175 4109 .
190 4075 217 4127 p.
231 4053 294 4109 δι’).
310 4060 406 4123 Quant
421 4057 622 4115 scriturum
638 4057 739 4111 second
751 4056 792 4111 srls
803 4056 839 4109 de
850 4057 951 4127 lluguc
965 4054 1000 4107 de
1010 4054 1131 4107 Greute-

79 4144 174 4209 ὗιικιιίΙ,
191 4165 260 4199 nous
272 4150 402 4201 n'auvons
412 4166 465 4219 que
479 4159 542 4218 trop
556 4147 700 4201 l'oreasnnr
716 4147 778 4201 d'en
794 4146 884 4218 parler
896 4156 922 4197 et
934 4143 1003 4197 dele
1017 4141 1129 4197 reduire

81 4254 121 4285 *va
133 4249 199 4301 juste
211 4238 297 4293 valeus
