3046 5244
39 4430 49 4551 i

490 458 605 521 ttuuu
626 459 813 522 OCTAVUS.
1122 462 1181 523 ttt

121 616 221 679 rum;
236 588 379 663 Adeliza
390 614 478 663 vero
493 607 608 691 mater
620 591 708 690 ejus,
723 616 828 665 soror
841 592 1003 691 llugonie
1017 588 1064 664 de
1073 588 1189 665 Greu-

121 706 316 795 temaisnil‚
332 704 376 779 de
387 706 481 780 clara
492 708 603 806 stirpe
614 706 889 782 Geroianorum.
905 708 973 781 llic
985 708 1189 806 praecipnne

120 806 350 923 agonotheta,
366 823 610 897 intermilitioe
626 822 780 915 labores,
795 823 951 899 eeclesiae
964 824 1187 913 cultorerat,

120 957 156 1012 et
178 940 327 1013 clericos
346 966 386 1013 ac
401 939 595 1014 monachos
612 940 716 1014 valde
730 940 884 1041 diligens
905 939 1129 1031 honorabat,
1147 965 1189 1014 tc

120 1058 350 1155 eleemosynis
371 1083 570 1157 pauperum
592 1083 661 1158 pro
680 1057 829 1134 modulo
858 1083 922 1133 auo
948 1058 1105 1133 libenter
1126 1057 1188 1131 iu·

121 1171 245 1246 stabat.

168 1290 284 1364 Porro
295 1291 461 1365 Uticense
475 1291 705 1380 coenobium,
723 1292 785 1365 ubi
798 1294 927 1366 fratrea
940 1293 992 1365 sui
1010 1289 1190 1365 Erncldut

121 1422 156 1477 et
173 1406 346 1507 liogerius
364 1408 530 1482 monachi
547 1425 670 1498 crant,
696 1425 734 1483 et
759 1426 969 1509 paterenus
992 1436 1034 1482 ac
1057 1422 1187 1497 mater,

120 1524 251 1623 aliique
270 1508 436 1624 parentes
459 1528 532 1626 ejus
551 1527 718 1600 tumulati
734 1525 986 1635 quiescebant,
1006 1524 1110 1599 valde
1127 1522 1191 1601 di·
1232 1552 1237 1559 ·

121 1639 227 1730 lexit‚
242 1657 280 1714 et
296 1668 364 1740 pro
385 1642 524 1716 viribus
539 1645 611 1717 auia
634 1644 879 1744 locupletavit.
899 1644 994 1719 llinc
1011 1643 1064 1717 illi
1082 1641 1193 1717 eccle·

120 1759 205 1831 siam
228 1757 272 1831 de
288 1759 445 1834 'lelliclo
462 1763 536 1859 (ι),
561 1778 597 1834 et
613 1760 683 1836 hoc
703 1760 800 1862 quod
818 1759 972 1834 habebat
991 1761 1027 1832 in
1044 1760 1190 1833 ecclesie

120 1873 163 1944 de
186 1873 462 1948 Dambleinvilla
489 1877 566 1974 (a),
593 1893 629 1949 et
648 1875 912 1977 presbyterium
934 1872 1033 1948 dedit
1040 1903 1052 1963 ς
1068 1890 1105 1947 et
1122 1871 1192 1948 hoc

121 1988 217 2089 quod
232 1989 385 2064 habebat
402 1992 440 2065 in
455 1992 600 2066 ecclesia
617 1991 662 2066 de
675 1993 840 2069 Cornero
862 1994 918 2092 (3)
942 2018 1024 2067 eum
1041 1988 1192 2091 presby-

123 2106 213 2179 terio
230 2108 416 2181 concessit.
435 2109 957 2203 Decimammclendinorum,
975 2124 1012 2182 et
1026 2108 1192 2181 omnium

121 2225 281 2297 exituum
294 2251 459 2315 suorum,
476 2243 513 2300 et
529 2225 845 2301 redecimationem
857 2224 1191 2326 promptuariorum

121 2365 269 2414 tuorum
283 2340 431 2416 addidit.
453 2342 552 2417 ldem
568 2368 657 2418 vero
671 2342 877 2418 liodbertus
893 2343 930 2416 in
949 2316 1080 2442 Anglia
1094 2338 1194 2413 dedit

121 2458 253 2532 Sancto
267 2457 417 2533 Ebrulio
430 2479 467 2536 et
479 2460 665 2535 monachis
676 2463 751 2562 ejus
763 2458 1042 2548 cumbinellam,
1057 2475 1192 2533 terram

122 2573 274 2648 duarum
289 2603 519 2671 carrucarum
534 2580 608 2678 (4),
630 2597 666 2652 et
683 2605 733 2655 xx
752 2580 923 2669 villanos,
946 2594 984 2651 et
1007 2575 1192 2651 eccleciam

122 2716 204 2763 cum
221 2691 463 2790 presbyterio,
489 2692 736 2797 decimamque
760 2700 874 2769 totam
891 2709 928 2767 et
943 2693 1087 2781 villam,
1108 2714 1193 2790 qne

122 2804 316 2902 Chercaltia
353 2807 504 2896 dicitur,
549 2836 632 2883 cum
672 2810 818 2884 ecclesia
863 2824 900 2882 et
940 2806 1190 2907 presbyterio,

123 2923 376 3025 ecclesiamque
406 2923 450 2998 de
472 2926 588 2998 losula
623 2923 660 2999 'et
688 2927 726 2999 in
759 2926 903 3001 civitate
925 2924 1045 2998 Cestra
1073 2922 1192 2997 eccle-

123 3043 208 3112 siam
225 3041 345 3114 Sancti
367 3042 463 3114 Petri
485 3039 530 3114 de
554 3042 731 3131 Murato,
754 3059 792 3116 et
816 3058 889 3116 trec
912 3041 1080 3141 hospites.
1102 3038 1192 3132 Quae

129 3190 897 3202 ,Ἥ-

154 3256 164 3319 (
171 3255 195 3322 ι)
207 3253 244 3307 lae
255 3251 511 3327 'silleri-endum,
525 3264 626 3309 canton
637 3252 674 3308 de
685 3253 1024 3309 saint-Piemunllive.
1035 3252 1074 3308 Μ.
1084 3250 1193 3326 Staplc·

124 3354 170 3396 ton
180 3360 266 3415 pente
275 3342 344 3417 qn'il
357 3343 437 3417 e’agit
448 3343 540 3417 plutot
553 3344 588 3399 ici
601 3342 638 3399 de
652 3341 1024 3409 NotrcDamedn-Tillenl,
1039 3352 1141 3398 canton
1151 3342 1192 3398 du

125 3430 293 3487 llerlerault.
678 3497 682 3505 Ι

154 3524 196 3591 (a)
208 3519 435 3589 Damblaintille,
449 3531 551 3577 canton
563 3520 600 3576 de
611 3520 726 3577 Falaite.

156 3610 197 3681 (3)
209 3610 289 3665 ll'ouc
301 3630 337 3667 ne
348 3612 526 3667 connaisecnt
536 3629 585 3685 pat
596 3629 628 3669 ce
640 3611 706 3667 lien.
725 3608 893 3677 Anetoville‚
907 3607 1145 3665 arrondittement
1155 3607 1192 3665 (le

126 3701 246 3773 ltayenx,
261 3700 325 3756 t’ett
337 3701 435 3775 appele
449 3701 605 3757 Coisniires
615 3719 651 3755 au
663 3712 702 3756 ιι·
715 3699 810 3766 circle,
823 3709 853 3755 et
866 3700 971 3768 meme,
988 3698 1097 3769 dit-on,
1112 3698 1193 3775 quel·

126 3794 231 3865 qnadoic
250 3792 408 3854 concidas,-
425 3794 494 3848 maie
510 3811 581 3848 nouo
594 3793 703 3848 n’ccont
719 3810 768 3866 pac
780 3808 815 3846 en
835 3793 960 3866 garantir
975 3790 1112 3847 l’ideutite
1128 3806 1191 3846 aree

130 3887 285 3939 carnarum.
303 3884 341 3938 ll.
356 3884 498 3958 stapleton
513 3896 599 3956 pente
613 3902 669 3958 que
687 3887 838 3941 cornetum
854 3883 982 3956 ponrrait
1000 3882 1061 3938 etue
1078 3881 1104 3937 le
1115 3882 1193 3937 Cor-

130 3975 208 4031 nier.
229 3974 293 4044 prio
312 3960 433 4039 limax,
454 3971 633 4044 aujourd'hui
653 3973 733 4027 reatu
752 3975 767 4027 i
786 3970 979 4028 Martainville.
1000 3970 1042 4025 De
1061 3987 1106 4024 cet
1123 3967 1192 4022 troie

131 4060 286 4125 donatione,
306 4060 326 4116 il
343 4079 378 4116 ne
397 4060 527 4127 subsiste,
545 4060 614 4116 daut
631 4061 656 4117 la
672 4062 769 4118 charte
784 4060 819 4115 de
835 4061 924 4117 llenri
943 4060 977 4114 l‘*
991 4076 1026 4114 en
1046 4059 1140 4113 fureur
1156 4054 1193 4111 de

134 4140 350 4217 taint-itvroutt,
365 4170 420 4224 que
429 4151 497 4207 celle
507 4150 543 4207 de
552 4152 776 4216 Damblainrille3
789 4154 878 4226 cequi
888 4168 992 4225 pronve
1003 4167 1058 4223 que
1068 4149 1107 4201 les
1120 4146 1193 4201 dcnx

136 4252 218 4296 autres
229 4244 358 4297 n‘eurent
371 4259 419 4314 pat
430 4241 466 4295 de
478 4241 572 4296 enitet.

165 4332 200 4395 fl}
213 4331 275 4386 Une
286 4332 418 4404 parcitur,
426 4331 588 4405 limitropho
596 4330 631 4386 dc
642 4326 803 4395 llbuddlm,
815 4339 896 4403 porte
905 4323 1083 4398 aujouraet'hui
1093 4325 1192 4381 lcuotn
