3016 5242
215 484 383 565 [narrt]
607 484 723 548 urnae
744 483 903 549 scarus.
1245 490 1283 546 or

217 630 380 715 putaret,
409 614 538 689 timens
562 628 606 688 ne
629 617 735 716 llugo
754 615 905 716 Magnus
922 614 1200 688 Aurelianorum
1217 615 1289 688 dux

219 733 452 808 Normannos
475 730 677 832 adjuraret,
691 732 852 806 .0xim0s
878 749 914 806 et
938 733 1081 832 Bajocas
1106 752 1190 806 cnm
1213 749 1291 807 toto

218 830 486 925 Constantiensi
504 876 596 950 pago
609 877 723 950 nsque
733 849 778 924 ad
795 852 958 924 Montem
971 851 1092 927 Sancti
1109 850 1294 926 Miclnelis

222 968 259 1040 in
270 966 439 1041 Periculo
452 967 561 1044 Maris
574 966 690 1041 eidem
704 966 873 1056 donarit,
892 985 929 1042 et
945 971 1134 1067 imperiose
1148 967 1293 1043 manda-

222 1087 274 1157 rit
291 1101 331 1159 nt
350 1083 464 1157 valida
483 1112 593 1158 manu
611 1084 761 1159 rebelles
779 1085 1010 1183 llonnannos
1028 1087 1236 1186 impeteret,
1256 1102 1293 1160 et

221 1201 352 1302 oppida
365 1228 492 1275 eorum
506 1202 572 1275 sihi
587 1219 731 1277 strenue
745 1203 927 1302 subigeret
941 1205 956 1301 (
964 1205 1011 1302 t).
1026 1203 1129 1297 Quod
1147 1204 1292 1285 aulient

222 1319 371 1419 urpidns
398 1321 558 1394 marchio
584 1321 779 1408 exultavit,
805 1319 941 1395 foedera
966 1347 1048 1394 cum
1073 1322 1292 1395 Normunnis

221 1439 311 1511 olim
327 1454 428 1536 pocta
450 1436 605 1511 libenter
622 1440 743 1537 rupit,
768 1455 806 1511 et
830 1441 994 1538 regiones
1015 1464 1143 1513 eorum
1158 1465 1292 1538 magno

223 1581 302 1629 curn
328 1555 492 1629 exercita
515 1554 693 1630 hostiliter
718 1557 935 1654 invasit.(2).
962 1555 1069 1656 Apud
1097 1557 1292 1630 Gnnceium

224 1671 372 1770 propria
389 1697 470 1744 cum
488 1671 620 1745 lumilia
640 1676 715 1770 ipse
733 1671 808 1746 tlux
827 1670 1024 1773 hospitatus
1040 1689 1110 1762 est,
1131 1689 1167 1746 et
1183 1696 1293 1746 excr-

225 1789 314 1862 citus
336 1789 431 1862 illius
453 1790 583 1888 passim
605 1816 672 1888 per
694 1790 916 1887 provinciam
938 1789 1086 1863 diffusus
1104 1806 1169 1863 cst.
1190 1791 1295 1863 Tunc

225 1906 418 1981 llerlninus
447 1907 678 1983 cancellarius
705 1906 829 1993 ducis,
859 1925 896 1980 et
926 1907 1098 1982 Radnllus
1123 1909 1168 1982 de
1198 1909 1294 1981 Dra-

227 2024 325 2124 giaco
348 2026 405 2120 (3)
429 2024 573 2098 Uticam
596 2022 841 2114 diverterunt,
865 2040 904 2098 et
929 2026 968 2099 in
990 2027 1161 2101 coenobio
1181 2028 1294 2099 sancti

227 2141 368 2217 Ebrntfi
388 2141 599 2217 confessoris
622 2141 791 2240 hospitati
813 2160 910 2215 sunt.
935 2144 1052 2216 Erant
1075 2143 1183 2217 ambo
1206 2144 1296 2216 reli-

227 2254 334 2357 giosi,
348 2246 396 2333 ‘et
413 2259 450 2332 in
469 2259 599 2333 timore
615 2260 678 2332 Dei
696 2257 858 2332 studiosi.
881 2261 1082 2333 Tantorum
1102 2262 1220 2360 itaque
1235 2259 1298 2331 vi·-

228 2402 351 2452 rurnm
365 2375 521 2461 aduentu
534 2376 712 2475 simplices
721 2375 889 2450 monachi
903 2377 1015 2451 laetati
1027 2393 1124 2464 sunt,
1139 2394 1176 2451 et
1187 2402 1297 2450 omne

229 2494 294 2567 illis
313 2494 473 2569 officium
496 2496 652 2569 caritatis
669 2521 739 2593 pro
759 2519 861 2594 posse
881 2520 946 2569 sno
967 2494 1172 2596 benigniter
1192 2495 1296 2568 cxlii·

228 2611 399 2687 buertrnts
425 2613 494 2686 Per
519 2614 669 2713 capellas
691 2631 728 2689 et
747 2617 906 2688 oratoria
930 2641 991 2688 sua
1013 2629 1119 2715 atque
1141 2617 1299 2713 privatas

228 2730 318 2807 aedoe
338 2757 400 2805 eos
415 2731 638 2805 familiariter
652 2731 898 2820 deduxerunt,
917 2730 1222 2833 phylacteriasque
1240 2733 1296 2830 (lt)

551 2923 637 2931 ,ἢ
1099 2924 1136 2930 ...-
1142 2921 1290 2931 μ--ιι-σ

258 3031 300 3096 (ι)
318 3025 409 3080 Notre
423 3035 523 3080 auteur
541 3034 667 3079 remonte
685 3024 721 3079 ici
739 3024 894 3098 al'epoqnc
907 3026 944 3080 ori
960 3025 987 3081 le
1007 3025 1049 3081 roi
1063 3027 1134 3081 avait
1147 3027 1264 3099 propose
1281 3028 1297 3081 a

228 3113 330 3188 lingue
351 3112 388 3168 (le
404 3129 433 3167 aa
447 3122 576 3186 partager
588 3113 614 3167 la
629 3112 816 3185 Normandim
831 3112 1005 3169 cesta-dire
1021 3132 1074 3170 aur
1088 3113 1213 3170 (laniem
1226 3114 1298 3168 moia

228 3202 260 3260 de
269 3201 337 3279 943
354 3200 378 3256 11
390 3203 499 3277 assigno
510 3221 566 3258 une
583 3201 669 3260 auree
681 3202 717 3258 de
736 3204 806 3260 trois
824 3222 873 3259 aua
886 3207 902 3259 a
915 3204 941 3263 la
954 3205 1087 3278 nptirire
1105 3203 1143 3260 do
1152 3202 1294 3270 nimam,

227 3310 280 3365 qne
299 3309 374 3347 nona
395 3291 540 3346 reduisous
551 3296 566 3367 gl
578 3290 651 3347 deux
662 3312 710 3346 ons
727 3302 755 3347 et
766 3292 841 3348 demi
859 3311 895 3346 ou
912 3296 927 3347 a
943 3293 1072 3349 dia-huit
1090 3293 1175 3360 mois,
1189 3294 1297 3348 suivant

228 3382 312 3454 qu'on
322 3380 431 3436 sundra
442 3380 468 3436 la
480 3380 548 3437 laice
561 3380 649 3456 partir
662 3379 697 3436 de
711 3380 736 3436 la
754 3382 869 3437 victoire
880 3400 929 3437 sur
941 3380 1086 3438 Turmode
1099 3402 1137 3439 ou
1148 3383 1183 3438 de
1195 3381 1298 3457 l'eape·

228 3469 317 3527 dition
330 3475 347 3526 a
359 3471 458 3528 Rouen
470 3472 505 3535 de
516 3476 578 3546 944.
594 3471 618 3561 Il
629 3490 648 3544 y
659 3481 709 3528 eut
721 3474 737 3526 a
751 3472 859 3545 llayena
873 3490 911 3527 un
931 3473 1018 3547 grand
1039 3491 1157 3548 camage
1175 3471 1225 3530 des
1243 3475 1297 3529 sei·

229 3581 332 3635 gun„
352 3563 486 3638 munta,
506 3564 576 3618 cans
591 3560 682 3637 aquo
706 3562 830 3619 neunt·
844 3563 889 3619 nr
906 3563 1073 3637 mappa,
1089 3551 1197 3621 comae
1217 3575 1299 3636 ayant

228 3652 301 3707 trahi
316 3653 357 3707 les
370 3653 485 3710 interita
497 3655 545 3709 des
563 3651 720 3708 Nornaauds
734 3671 784 3724 par
796 3671 824 3708 sa
837 3653 1006 3709 connivente
1017 3672 1081 3709 arec
1102 3655 1127 3710 le
1140 3655 1182 3710 roi
1195 3665 1224 3710 et
1235 3673 1300 3709 avec

230 3743 349 3800 arnoul.

260 3836 301 3904 (a)
313 3835 397 3889 &tte
405 3835 528 3889 invasion
536 3834 572 3889 de
584 3834 610 3888 la
619 3831 791 3888 Normaudie
799 3833 1079 3908 Transaequanienue
1090 3833 1141 3889 dut
1154 3835 1230 3889 avoir
1241 3834 1298 3889 lieu

227 3944 260 3980 au
280 3927 439 3998 printemps
455 3923 491 3978 de
507 3929 574 3998 944,
590 3923 784 3999 pendantque
801 3924 826 3979 le
844 3927 885 3978 roi
899 3926 1066 3981 euralrisarit
1080 3926 1116 3981 de
1134 3944 1184 3980 son
1196 3925 1258 3980 crite
1274 3924 1298 3977 ln

227 4017 317 4086 partie
331 4014 367 4068 de
380 4014 406 4068 la
419 4015 590 4070 Norrnandie
605 4018 692 4070 situle
705 4034 753 4071 sur
765 4015 791 4070 la
808 4016 865 4070 rire
879 4014 971 4070 droite
984 4016 1020 4070 ‹le
1036 4016 1061 4071 la
1073 4017 1169 4081 Scine,
1186 4016 1299 4070 conlor«

229 4108 353 4160 me'mcut
367 4122 402 4157 au
416 4102 480 4177 plan
493 4108 620 4160 conserte
630 4105 699 4159 dans
711 4105 750 4159 les
761 4105 888 4160 derniers
901 4107 971 4161 mois
981 4105 1017 4160 de
1029 4103 1090 4178 943,

262 4192 303 4261 (3)
316 4192 532 4249 Probablement
547 4195 662 4261 Brachi,
683 4197 744 4267 pris
757 4194 893 4248 Soisrons.

265 4284 305 4351 (l)
318 4281 502 4355 Reliqnairrs.
