3046 5244
226 460 423 537 [sir-soor·
504 464 553 539 ‘511'
601 458 717 519 sinen
736 458 894 521 sexsus.
1237 472 1273 530 ῃ

227 587 332 660 nobili
356 602 458 660 ortus
480 589 662 686 prosapia,
677 589 891 688 Bajoeosiuae
914 590 1013 663 urbis
1035 593 1206 667 oriundus
1221 600 1276 694 (r)

225 706 350 777 extitit.
364 705 479 798 Quem
490 721 653 803 parentes
665 707 774 779 nimia
785 707 973 781 educantes
987 736 1082 792 eura,
1094 711 1279 788 catholicoe

226 819 299 894 fidei
311 822 518 921 magisterio
530 821 766 895 tradiderunt.
778 822 845 915 Qui
858 825 951 897 mira
963 825 1278 903 velocitatedivinn

225 954 256 1010 et
272 938 427 1011 bumana
444 937 637 1038 diligenter
655 964 870 1037 percurrens
886 939 1019 1029 studia,
1037 945 1145 1016 etiam
1167 944 1282 1021 adhuc

225 1080 309 1152 puer
323 1056 419 1154 ipsos
429 1054 615 1155 magistros
625 1054 758 1128 dicitur
772 1056 987 1154 precessisse
1003 1056 1180 1132 doctrina.
1199 1062 1283 1134 Cne-

227 1170 314 1244 lestis
331 1172 430 1244 enim
451 1173 582 1270 gratia,
608 1198 688 1272 quoe
704 1171 771 1244 sibi
788 1198 869 1245 eum
896 1175 1079 1272 religionis
1097 1176 1280 1251 doctorem

227 1289 384 1361 lutmum
397 1287 631 1386 praeviderat,
650 1290 686 1363 in
704 1288 873 1363 omnibus
884 1291 1119 1365 efficacissime
1131 1292 1285 1367 docilem

229 1405 440 1481 reddiderat.
454 1407 579 1506 Neque
591 1432 635 1479 ex
649 1409 836 1481 insolentia
854 1410 915 1505 (ut
932 1435 1009 1482 mos
1021 1425 1075 1482 est
1092 1409 1194 1506 hujus
1207 1429 1287 1485 aetn·

230 1526 288 1611 tis}
305 1524 460 1623 superbe
477 1524 611 1625 aliquid
632 1523 789 1623 agendo,
806 1540 914 1598 tantae
931 1524 1060 1600 indolis
1073 1527 1286 1626 dignitatem

231 1639 419 1714 inficiebat.
446 1641 557 1713 Vultu
580 1639 753 1740 siquidem
777 1639 980 1739 spectabilis
1000 1659 1037 1714 et
1057 1643 1207 1740 (allatu)
1233 1646 1288 1742 (α)

228 1753 356 1844 dulcis,
375 1757 466 1828 nulli
480 1757 622 1830 levitate
638 1756 756 1855 aliqua
772 1754 943 1828 existebat
957 1758 1088 1856 gravis.
1099 1758 1166 1851 Qui
1183 1759 1289 1855 (siout

229 1870 445 1969 dictumest)
464 1870 659 1946 nobilitatis
677 1871 837 1968 lampade
850 1872 983 1960 clarus,
1000 1874 1212 1948 immortalis
1223 1876 1287 1948 Ilei

226 1991 295 2086 jam
313 2005 420 2060 notus
432 1989 685 2088 praescierrtiae,
704 2014 790 2060 mox
807 1989 963 2060 innotuit
978 1990 1197 2088 (Clotbario)
1213 1993 1287 2090 regi

232 2105 324 2201 (lilio
353 2106 543 2191 Clodovei,
573 2108 632 2205 qui
661 2106 798 2203 primus
827 2130 870 2177 ex
895 2104 1039 2204 regibus
1066 2107 1289 2184 Francorum

232 2218 449 2293 christianus
465 2220 576 2293 sactus
595 2236 666 2307 est,
692 2235 728 2292 et
748 2246 767 2289 a
792 2217 897 2293 bmto
911 2220 1076 2320 Remigio
1092 2223 1290 2296 Remorum

232 2336 497 2437 archiepiscopo
510 2364 591 2410 cum
608 2336 725 2409 tribus
738 2334 913 2409 nobilium
924 2335 1084 2410 millibus
1094 2336 1291 2437 baptizatus

233 2456 317 2551 est).
334 2454 404 2546 Qui
421 2453 646 2551 comperiens
658 2452 758 2551 quis,
780 2451 835 2523 vel
851 2453 950 2550 cujus
967 2450 1165 2525 nobilitatis
1183 2470 1290 2541 esset,

235 2571 328 2643 illico
341 2571 548 2669 praesentari
565 2569 630 2641 sibi
646 2596 727 2641 eum
738 2567 854 2668 jubet,
868 2568 1089 2669 condignum
1101 2573 1179 2645 sore
1194 2571 1292 2671 diju-

233 2685 368 2772 dicans,
388 2704 544 2783 utquem
562 2687 692 2758 mentis
707 2686 805 2758 nitor
816 2685 1013 2773 extulerat,
1032 2685 1213 2786 regalibus
1223 2688 1292 2760 mi·

236 2805 386 2876 tristeriis
397 2802 606 2877 deserviret.
618 2802 686 2874 Per
699 2799 909 2875 humilitatis
921 2818 1041 2876 autem
1050 2804 1206 2879 officium
1217 2820 1293 2876 tan-

236 2935 300 2992 tam
332 2924 365 2992 ei
396 2947 570 3019 supernus
600 2920 797 3017 imperator
830 2920 984 2993 eontulit
1018 2923 1169 3021 gratiam
1199 2920 1293 3021 apud

237 3054 430 3127 terrenum,
440 3040 620 3139 quatinus,
636 3037 773 3111 caeteris
783 3037 966 3136 praelatus,
982 3039 1019 3111 in
1033 3039 1166 3136 palatio
1179 3041 1293 3112 maxi-

237 3182 329 3229 mum
343 3156 527 3231 obtineret
542 3156 673 3228 locum.
694 3154 856 3228 Oratoris
870 3156 1004 3255 quippe
1020 3155 1181 3228 facundia
1196 3183 1294 3255 prae-

238 3271 344 3360 ditus,
369 3272 413 3344 ad
437 3271 588 3370 agendas
609 3299 726 3345 causas
746 3272 838 3343 inter
859 3270 993 3345 aulicos
1013 3271 1189 3345 residebat
1204 3273 1294 3348 doe-

242 3392 395 3464 tissimos.
427 3393 477 3461 lta
500 3407 617 3461 tamen
640 3387 868 3461 saecularibus
893 3388 1100 3461 intendebat
1120 3392 1291 3489 negotiis,

242 3525 274 3578 nt
290 3535 472 3608 nunquam
487 3508 662 3578 relaxaret
678 3507 837 3577 animum
849 3504 895 3576 ab
909 3523 1051 3602 aspectu
1071 3508 1222 3579 internae
1239 3506 1295 3580 di·

245 3623 407 3699 lectionis.
425 3657 444 3695 u

271 3825 307 3892 (1¹-
328 3826 403 3879 C'est
420 3842 474 3876 une
496 3824 683 3877 circonstance
708 3819 899 3893 remarqmble
924 3839 978 3893 que
1000 3819 1075 3875 'r'e'tat
1098 3820 1235 3876 llorissant
1261 3823 1296 3878 de

246 3912 335 3985 l'eglise
355 3914 390 3968 de
411 3915 519 3985 bayeux
534 3911 691 3985 pendantla
706 3911 843 3984 premiere
856 3912 952 3965 moitie
969 3910 1007 3965 du
1028 3911 1296 3985 v10sttcte‚ep0que

247 4007 275 4055 ou
286 4004 333 4058 elle
344 4005 483 4078 produisit
491 4005 528 4059 les
540 4004 611 4057 deux
625 4002 759 4074 premiere
771 4000 847 4054 cheb
856 3999 1102 4057 d’etablissernents
1111 4003 1296 4075 monastiquer

247 4092 322 4161 ‹pr‘ait
334 4094 440 4147 tournis
458 4104 536 4147 notre
553 4093 700 4164 prosince:
717 4090 788 4143 saint
800 4089 921 4142 Marcoul
934 4100 963 4142 et
976 4091 1047 4145 saint
1061 4077 1182 4145 brronlt.
1197 4089 1295 4145 Matrit-

249 4180 286 4234 lon
298 4183 370 4254 place
386 4183 410 4236 la
422 4184 559 4237 missance
572 4182 607 4236 de
618 4183 690 4236 saint
703 4168 815 4235 Erroult
828 4197 861 4232 en
873 4177 935 4253 517.

279 4282 312 4335 51)
327 4273 448 4347 Affictu.
465 4274 543 4342 (uss.
560 4273 639 4327 Becc.
654 4282 681 4324 et
695 4271 816 4338 Conclr.)
