3046 5244
555 376 560 387 ’
594 422 713 485 arran
733 420 923 486 ocrsvus.
1236 422 1299 489 aaa

228 574 418 661 potestate,
434 582 543 657 super
553 570 792 630 antecessores
804 581 886 631 suos
898 555 1073 631 exaltatus
1083 570 1154 647 est,
1169 552 1304 632 studio·

227 704 299 780 quc
316 679 391 778 ejus
407 676 584 776 religiosis
599 691 636 750 et
651 673 801 749 eruditis
819 675 982 775 personis
995 675 1096 777 regio
1108 674 1302 750 Scotorum

225 794 394 871 decorata
420 811 485 868 est.
514 795 594 884 En,
622 820 724 868 causa
749 793 960 886 Scotorum,
985 794 1049 896 qui
1072 791 1119 868 ab
1144 792 1303 895 antiquit

228 909 453 1012 temporibus
470 908 700 984 adhaeserunt
722 908 898 985 catholice
917 910 1020 1001 fidei,
1042 927 1078 985 et
1097 908 1301 985 christianae

229 1046 415 1133 gratanter
430 1029 635 1102 servierunt
655 1027 882 1127 simplicitati¹
896 1029 973 1128 (r),
997 1029 1195 1128 incoeptam
1214 1053 1302 1128 epod

228 1149 403 1247 nalepaim
430 1148 486 1246 (a)
513 1147 781 1248 aliquantulum
809 1146 1001 1246 protelavi.
1033 1147 1102 1220 Sed
1132 1172 1229 1221 nunc
1257 1142 1303 1219 ad

228 1268 456 1368 propositum
473 1266 573 1339 nitor
589 1290 679 1364 opus
693 1263 738 1338 de
755 1267 891 1339 nostris
906 1262 1064 1366 regredi.

278 1382 420 1456 xxttt.
440 1381 588 1482 [1095]
603 1382 772 1483 Plerique
785 1381 1102 1471 Normannorum,
1116 1382 1197 1484 qui,
1212 1380 1305 1456 diui·

230 1501 288 1573 tiis
298 1498 423 1574 labore
432 1498 587 1574 aliorum
598 1499 758 1601 quaesitis
770 1500 807 1573 in
819 1496 949 1601 Anglia
961 1497 1079 1590 ditati,
1091 1499 1200 1573 nimis
1211 1499 1309 1603 intug

228 1632 418 1706 muerunt,
435 1614 652 1690 ardentioris
673 1614 879 1716 cupiditatis
902 1632 940 1692 et
958 1615 1137 1717 superbire
1154 1617 1303 1691 molesta

229 1733 478 1836 inquietudine
514 1733 710 1808 admodum
743 1734 916 1808 stimulati
952 1750 1049 1808 sunt.
1087 1732 1304 1810 Irridebant

229 1854 364 1953 quippe
387 1868 424 1925 et
439 1850 612 1925 dolebant
625 1851 722 1953 quod
740 1851 957 1926 Guillelmus
972 1852 1086 1925 Rufus
1106 1850 1251 1926 audacia
1266 1866 1304 1926 et

227 1969 757 2070 probitatepraecipucvigeret‚
765 1969 1128 2071 nullumquetimens,
1136 1967 1303 2071 subjectis

228 2086 398 2159 omnibus
411 2085 528 2187 rigide
543 2087 751 2186 imperaret.
764 2083 1084 2188 Arroganteaergo
1094 2083 1303 2187 conglobati

227 2219 333 2293 sunt,
352 2220 387 2276 ct
406 2203 442 2275 in
462 2228 583 2303 regem
602 2184 775 2277 nefariam
789 2201 1102 2304 conspirationem
1119 2203 1302 2291 lecerunt,

229 2519 337 2577 siward
359 2520 430 2574 Rara
455 2521 547 2575 aurait
567 2521 613 2576 etc
630 2519 656 2575 le
676 2521 750 2577 frere
767 2520 804 2577 de
820 2519 960 2587 celui-ci,
978 2531 1008 2577 et
1029 2520 1066 2577 de
1085 2531 1160 2578 cette
1181 2522 1305 2579 maciem

230 2611 436 2685 a’expliquerait
452 2628 480 2666 sa
496 2612 601 2684 proebe
617 2614 733 2684 parente
748 2628 813 2667 arec
828 2611 855 2667 la
870 2610 975 2667 lamille
991 2610 1084 2685 myale
1099 2599 1236 2668 d'Fcosae.
1254 2611 1305 2669 Sa

228 2713 317 2758 terres
335 2705 351 2756 l
370 2701 506 2758 Leclrlade
527 2702 781 2775 (Glocesteraltire)
797 2711 827 2758 et
843 2704 860 2756 t
879 2702 985 2774 Harey,
1001 2700 1072 2758 dans
1084 2701 1140 2758 l'lle
1153 2700 1303 2759 d'Axlrolm

228 2790 473 2861 (lincolnshirc),
494 2791 621 2848 saisalent
639 2793 728 2866 partie
745 2791 785 2847 dn
802 2791 947 2847 territoire
964 2789 1001 2848 de
1016 2791 1171 2848 l’aocieane
1187 2792 1303 2848 llercie.

230 2883 336 2956 Malgra'e
352 2895 415 2937 tous
434 2880 473 2936 les
492 2883 585 2938 motila
601 2884 650 2957 qui
666 2899 737 2938 noos
752 2892 865 2956 portem
878 2884 894 2936 t
908 2881 977 2937 laire
990 2881 1143 2937 descendre
1156 2869 1303 2950 Edooard,

230 2973 272 3027 fils
284 2973 318 3027 de
331 2972 454 3037 siward,
468 2972 503 3027 de
518 2992 548 3027 ce
563 2992 751 3047 personnage,
765 2991 836 3028 nous
847 2971 952 3028 derons
963 2972 1120 3047 cependant
1130 2972 1239 3046 ajouter
1248 2990 1304 3046 que

229 3061 285 3117 l’on
298 3066 355 3117 voit
371 3064 475 3135 figures
489 3066 577 3135 parmi
595 3064 634 3119 les
649 3066 851 3139 couscripteura
866 3063 952 3120 d’une
966 3064 1063 3120 charte
1076 3064 1112 3120 de
1125 3063 1303 3131 Guillaume,

227 3154 333 3228 orsique
347 3155 383 3208 de
401 3155 543 3221 Dan-ham,
564 3157 774 3229 contemporain
786 3156 823 3212 de
834 3154 1150 3223 Guillauaoe-lellonx,
1168 3172 1208 3209 uu
1225 3164 1305 3209 antra

227 3243 353 3308 siward,
365 3256 478 3318 portant
487 3245 512 3298 lc
523 3263 637 3300 surnorn
645 3245 681 3300 de
693 3246 764 3301 bran
776 3271 782 3300 ε
793 3247 912 3320 Signum
925 3246 1053 3302 Siwardi
1059 3245 1150 3301 Bran.
1159 3245 1305 3301 Peos-eus

229 3352 264 3386 au
288 3345 360 3389 reste
381 3334 483 3389 etait-il
507 3334 548 3388 fils
571 3333 717 3390 lui-meme
738 3334 773 3390 de
794 3335 903 3393 siward
924 3335 1011 3403 Baro,
1034 3344 1062 3390 et
1083 3334 1150 3408 pise
1171 3350 1208 3388 ou
1231 3333 1304 3389 frere

228 3414 432 3479 d’Edouard.-
444 3428 619 3499 Morofiaeat
629 3425 751 3481 lecomte
760 3426 795 3481 de
804 3427 899 3500 Moray
908 3445 944 3481 ou
953 3426 1077 3498 llurray,
1090 3423 1234 3497 beaucoup
1243 3421 1306 3496 plus

228 3515 421 3569 considerable
432 3516 565 3570 autrefois
574 3514 816 3589 qu’aujourd'hni,
829 3514 960 3589 puisqu'il
969 3514 1141 3588 compreuait
1151 3513 1192 3568 lea
1200 3514 1306 3568 comtes

228 3604 334 3658 actuels
350 3605 385 3658 de
402 3605 504 3673 ltaim,
523 3605 557 3662 sle
572 3606 667 3678 llloray
681 3624 800 3679 propre,
814 3623 851 3660 ou
865 3604 962 3678 Elgin,
977 3614 1006 3659 ct
1020 3621 1076 3659 une
1093 3600 1197 3677 grande
1215 3600 1306 3675 partie

229 3694 265 3750 de
280 3695 351 3750 celui
365 3696 400 3750 de
414 3696 500 3752 Bantl.
514 3697 616 3752 C’ctait
629 3699 701 3751 aussi
716 3715 754 3752 uu
768 3695 881 3752 erdcbe.

266 3787 307 3848 (ι)
317 3784 405 3838 botre
415 3796 519 3839 auteur
532 3786 626 3841 luitici
636 3785 753 3841 allusion
765 3789 781 3840 a
792 3785 818 3840 la
831 3785 990 3859 pretention
1000 3782 1036 3839 de
1044 3769 1156 3856 t’ssgtise
1165 3767 1302 3845 d’tlcosse,

229 3870 334 3926 d'aroir
352 3892 417 3947 recu
435 3873 459 3928 la
479 3875 516 3928 loi
533 3874 698 3931 claretienne
710 3874 759 3931 dis
775 3875 800 3931 le
813 3874 957 3950 pontificat
972 3871 1007 3928 de
1024 3873 1097 3928 saint
1112 3871 1221 3937 Victor,
1237 3884 1303 3941 pre·

230 3963 302 4016 mier
315 3961 353 4015 du
368 3982 433 4018 nom
447 3961 562 4036 (193·28
572 3963 665 4036 juillet
677 3969 753 4039 aoa).

266 4054 306 4123 (a)
325 4056 365 4108 Ce
383 4066 456 4124 mot,
472 4058 520 4128 qui
535 4056 642 4131 signifie
656 4058 819 4131 repetition,
835 4067 878 4113 est
893 4058 951 4131 pris
961 4056 998 4112 ici
1013 4055 1081 4111 (lana
1095 4053 1121 4109 le
1134 4068 1196 4106 aeos
1209 4048 1244 4106 dc
1257 4050 1302 4105 di·

233 4159 367 4211 gs'esston.
