3046 5244
232 446 289 504 122
505 442 686 504 lllSTOllltt
711 439 1013 502 Ecctssstssttes.

229 591 323 661 rant,
340 589 380 646 nt
396 571 689 659 bacaudarum,
704 573 900 645 Dominum
914 572 1029 644 Deum
1043 568 1213 661 Sabaoth,
1229 574 1292 673 qui

227 715 309 763 suos
324 713 466 787 semper
482 689 702 777 consolatur,
722 685 1027 788 glorificaverunt.

277 806 380 879 'l'unc
396 805 576 879 Guarinus
592 805 701 879 abbas
719 805 886 879 Uticense
901 801 1111 877 coenobium
1127 802 1293 905 regebat,

228 941 265 998 et
286 923 476 1023 praelatum
501 925 621 998 virum
644 949 713 1024 pro
736 949 864 1022 magns
885 920 1095 1012 devotione,
1119 947 1190 1022 qua
1208 945 1294 1025 erga

229 1041 344 1115 Deum
360 1039 539 1131 terrebat,
563 1040 795 1115 vehementer
811 1037 1002 1138 diligebat,
1025 1055 1063 1111 et
1080 1054 1297 1112 veneranter

228 1155 444 1232 honorabat.
465 1156 563 1231 ldem
584 1183 738 1259 namque
755 1173 857 1256 pater
877 1180 961 1254 erga
984 1155 1048 1229 ttsi
1066 1153 1204 1228 cultum
1221 1155 1297 1228 ler-

229 1273 331 1347 vidns
354 1290 452 1363 erat,
482 1291 590 1375 atque
616 1273 817 1375 hujusmodi
846 1272 1029 1347 sediminis
1050 1272 1231 1371 specimen
1257 1273 1295 1346 in

228 1389 372 1465 assiduis
386 1391 701 1465 exercitationibus
723 1389 892 1490 agitabat.
913 1387 1112 1491 Religiosos
1132 1385 1297 1461 bomines

229 1505 449 1598 honorabat,
470 1506 609 1609 sibique
626 1521 834 1581 reverenter
851 1500 1083 1605 praearmat,
1101 1502 1298 1606 studiisque

228 1623 334 1698 bonis
346 1625 498 1698 solerter
508 1624 720 1699 inhaerebat.
735 1627 813 1724 lpse
826 1625 1013 1711 nimirum,
1027 1621 1190 1723 quamvis
1203 1622 1298 1722 peri·

229 1742 276 1813 tia
287 1740 490 1814 litterarum
500 1740 694 1817 admodum
703 1740 861 1814 imbutus
870 1737 1296 1828 esset,sesebnmiliabat,

227 1873 265 1929 et
289 1858 482 1956 postposita
507 1859 699 1958 magisterii
725 1855 921 1956 dignitate,
944 1855 989 1930 ad
1005 1854 1295 1944 diversaoffieia,

226 1999 308 2074 quse
325 1974 531 2074 junioribus
550 1992 781 2075 competunt,
808 1976 907 2047 velut
926 2000 1018 2047 unns
1039 1999 1082 2047 ex
1103 1973 1174 2047 illia
1192 1972 1298 2047 avide

227 2090 419 2182 canebat,
445 2093 684 2194 alacriterque
709 2117 903 2192 peragens,
923 2089 1102 2165 laudabile
1130 2090 1299 2191 subjectis

226 2207 431 2308 exemplum
456 2208 661 2283 exhibebat.
689 2210 844 2282 Statnrae
870 2206 1016 2309 quidem
1042 2206 1233 2282 mediocris
1258 2224 1297 2281 et

226 2325 369 2423 gracilis
387 2353 428 2400 sc
449 2327 662 2401 macilentus
680 2343 776 2417 erat,
794 2326 967 2426 agilisque
981 2323 1026 2398 ad
1046 2325 1167 2398 omnia
1189 2349 1298 2398 oom-

226 2441 352 2531 moda,
372 2461 497 2542 utpote
514 2447 576 2545 qui
596 2445 821 2544 corpulentia
840 2442 939 2516 nulla
956 2440 1188 2542 gravabatur,
1206 2466 1298 2541 pno-

227 2558 387 2656 perabat.
414 2559 473 2633 Ab
495 2560 574 2633 aliis
592 2561 771 2636 doctrinm
790 2578 827 2634 et
852 2560 1099 2635 instructionis
1120 2557 1296 2648 verbum,

227 2672 438 2749 humilitatis
466 2703 589 2765 cansa,
616 2677 744 2777 cupide
770 2677 955 2767 audiebat,
982 2695 1020 2752 ot
1047 2678 1233 2752 multoties
1256 2702 1298 2751 ea

227 2791 353 2880 etiam,
374 2819 457 2894 qun·
476 2796 604 2869 melius
622 2813 791 2886 noverat,
812 2824 830 2868 a
851 2795 998 2897 paribus
1016 2797 1072 2871 sel
1091 2824 1110 2869 a
1130 2794 1299 2896 subjectis

225 2906 419 3008 diligenter
433 2910 656 3012 inquirebat,
670 2929 777 3014 atque
791 2914 890 2986 uelut
902 2912 1096 3012 discipulus
1109 2910 1300 2987 humiliter

226 3027 460 3100 auscultabat.
483 3027 700 3130 Eloquentia
722 3032 759 3104 in
774 3030 988 3105 disserendis
1007 3029 1223 3105 lectionibus
1236 3028 1299 3105 di·

228 3144 322 3217 rium
341 3145 429 3245 legis
448 3147 605 3222 ubertim
620 3148 805 3237 alliciebat,
828 3167 865 3223 st
883 3148 1057 3249 prolunda
1074 3164 1298 3250 syntagmata

228 3260 344 3337 lucide
361 3262 554 3339 discutiens
571 3266 764 3342 reserabat.
788 3266 1004 3341 Adolescens
1019 3269 1095 3341 lere
1113 3292 1207 3341 xxut
1226 3292 1299 3343 an·

226 3403 360 3453 norum
389 3379 433 3453 ad
465 3381 720 3457 monachatum
748 3385 867 3473 venit,
904 3384 940 3457 in
969 3408 1043 3484 quo
1076 3407 1161 3456 xsvs
1192 3381 1300 3456 annis

224 3519 366 3570 summo
385 3499 460 3598 regi
483 3499 652 3574 militavit
667 3503 741 3598 (s),
764 3500 970 3601 ingeniique
988 3496 1297 3601 sagacisetsednli

224 3611 407 3687 sediminis
427 3617 667 3692 emolumenta
690 3619 848 3691 metricis
865 3616 1085 3692 carminibus
1106 3635 1144 3692 et
1161 3616 1299 3691 dicaci·

226 3726 292 3801 bns
302 3731 480 3829 epistolis,
496 3734 642 3834 aliisque
655 3732 846 3807 dictatibus
861 3736 1076 3833 propalavit.
1094 3734 1150 3808 Ex
1165 3732 1300 3835 quibus

227 3872 337 3919 sinum
368 3849 582 3922 miraculum
612 3850 694 3922 huic
719 3867 845 3924 nostro
873 3852 972 3924 nitor
996 3850 1124 3923 libello
1151 3848 1295 3937 indere,

232 3987 505 4003 *an-
546 3995 631 4003 --u
651 3995 801 4004 uua--u—
818 3996 851 4005 ι.-
865 3996 905 4003 -ι-

259 4058 298 4125 (s)
315 4058 355 4109 l'a·
375 4059 548 4131 paragrapho
567 4079 582 4113 a
600 4071 644 4114 rte
661 4071 731 4114 ectu
749 4063 829 4133 aprus
845 4061 869 4115 la
886 4072 958 4115 mort
974 4060 1009 4115 de
1022 4060 1111 4115 l'ablss'·
1123 4059 1235 4116 (iuerin
1247 4058 1298 4117 da

226 4144 345 4211 tauris,
363 4150 412 4221 qui
428 4150 517 4204 mna
535 4150 560 4204 lc
575 4170 604 4204 ‘ss
621 4152 682 4220 juin
700 4149 773 4226 1157.
792 4152 813 4206 ll
829 4154 898 4206 arsit
913 4152 984 4207 alors
997 4154 1174 4207 soixante-sit
1188 4169 1254 4215 etas,
1268 4162 1297 4207 rt

225 4254 259 4289 ro
273 4240 342 4291 assit
356 4246 432 4308 insse
444 4244 636 4313 quarente-sis
650 4240 718 4296 dans
732 4241 757 4295 la·
771 4242 867 4295 eluitu-
