3046 5244
229 439 385 519 [mosem
599 441 714 504 steen
735 441 892 505 SEXTUS.
1237 443 1278 505 63

227 568 372 645 exeundi
389 585 617 668 potestatem,
633 571 865 672 obstupefacti
877 597 941 645 eur
952 569 1019 643 hoc
1034 571 1278 670 contingeret,

226 704 257 763 et
268 691 341 790 jam
353 686 510 760 errando
521 688 675 786 fatigati,
690 689 879 765 audierunt
891 688 1054 788 signum,
1073 715 1146 788 quo
1156 689 1282 760 fratres

225 805 322 879 acciti
335 805 574 878 convenirent
589 803 634 877 ad
650 823 829 879 consuetae
846 805 1016 878 orationis
1036 804 1192 877 studium
1212 809 1224 902 l
1250 805 1279 900 ).

225 921 276 995 Ad
288 926 394 1018 cujus
409 924 567 995 sonitum
586 923 699 998 nimio
718 941 856 999 terrore
879 921 1029 1022 perculsi
1044 937 1125 995 sunt
1135 976 1147 1010 ,
1166 937 1203 995 et
1220 946 1282 994 re·

226 1036 312 1110 lictis
324 1038 446 1135 porcis
458 1036 500 1109 ad
520 1036 702 1112 hominem
714 1041 777 1113 Dei
795 1039 966 1113 velociter
981 1052 1214 1110 accesserunt.
1235 1036 1284 1107 Et

225 1157 368 1230 mntessi
386 1154 524 1229 crimen
536 1155 632 1256 quod
652 1173 817 1257 egerant,
829 1158 911 1229 lacti
923 1172 1005 1228 suist
1022 1156 1053 1228 ei
1067 1153 1248 1229 monaehi.
1265 1188 1282 1223 s

271 1304 289 1339 κ
305 1271 446 1344 Verum
459 1270 501 1343 ad
519 1272 837 1347 commendandam
852 1272 1025 1345 illustrem
1040 1271 1192 1369 gloriam
1207 1296 1283 1342 ma-

225 1389 343 1487 gistri,
371 1414 445 1463 non
473 1389 561 1462 illud
585 1389 772 1464 tacendum
797 1416 870 1464 esse
893 1388 1074 1478 duximus,
1101 1387 1198 1488 quod
1220 1413 1284 1486 per

226 1505 679 1607 quandamdiseipulorum
693 1504 848 1607 ejusdem
855 1505 1202 1580 honorificentissimi
1215 1504 1282 1577 viri

227 1620 386 1695 exhibuit
399 1622 608 1720 praecellens
620 1625 732 1722 gratia
742 1622 956 1722 septiformis
969 1623 1135 1721 Spiritus.
1150 1621 1287 1694 Corvus

228 1763 397 1838 namque,
420 1739 481 1838 qui
508 1764 620 1837 prope
654 1740 909 1813 monasterium
936 1736 1194 1825 nidilicaverat,
1219 1763 1284 1810 ova

228 1856 353 1929 lurtire
379 1853 562 1954 rapiebat,
589 1873 625 1929 et
648 1881 712 1954 per
737 1858 906 1930 insertam
929 1856 1120 1928 lenestram
1141 1853 1287 1928 relecto·

231 1974 317 2044 rium
332 1974 490 2060 intrans,
510 1974 629 2047 omnia
649 1973 837 2061 turbabat,
854 1973 1011 2073 nidoque
1023 1998 1088 2046 suo
1100 1973 1199 2072 quod
1212 1974 1285 2046 tol-

231 2086 430 2187 leoeposset
446 2088 662 2189 asportabat.
683 2093 785 2164 Tunc
802 2116 894 2163 uuus
915 2117 957 2163 ex
981 2089 1168 2178 fratribus,
1190 2093 1287 2190 cujus

232 2204 292 2279 ltoe
305 2224 387 2281 erat
405 2209 578 2295 officium,
599 2210 809 2308 simpliciter
822 2236 929 2281 orans
947 2209 1064 2307 inquit
1082 2238 1091 2278 ε
1112 2209 1286 2295 Domine,

233 2325 376 2397 vindica
403 2353 471 2398 nos
497 2327 542 2399 de
571 2329 797 2415 aclversoea‘o,
825 2329 891 2425 qui
916 2326 1035 2423 nttjert
1060 2325 1162 2423 quod
1186 2323 1288 2396 nobis

233 2440 341 2514 doum
370 2461 436 2514 tna
463 2447 657 2519 miseratio.
690 2444 764 2518 Nec
794 2470 894 2517 mora
926 2443 1152 2540 reperierunt
1184 2442 1290 2514 volu-

234 2583 323 2631 crem
341 2559 410 2632 sub
428 2559 559 2634 arbore
577 2579 779 2652 mortuam,
795 2559 948 2662 quesibi
973 2560 1211 2633 collocaverat
1229 2561 1290 2630 ni-

235 2673 311 2749 dum
330 2680 403 2774 (2).
422 2679 481 2751 Sic
494 2679 667 2780 quidquid
685 2680 735 2753 eis
753 2704 882 2752 nocere
895 2678 1029 2764 voluit,
1049 2693 1112 2749 ant
1135 2678 1206 2750 cito
1231 2703 1289 2777 pe

236 2793 307 2881 tiit,
341 2812 406 2867 snt
433 2797 615 2894 poenitens
646 2798 805 2872 melioris
833 2795 1010 2895 propositi
1042 2794 1204 2868 habitum
1238 2821 1291 2867 re·

236 2912 333 3008 (κρῆ.
352 2944 371 2978 n

275 3026 392 3125 lgitur
407 3054 488 3102 cum
507 3033 670 3103 omnium
693 3033 873 3130 inspector
892 3031 985 3102 Deus
999 3029 1194 3129 gloriosum
1218 3058 1292 3105 cer-

236 3158 345 3217 tamen
376 3145 518 3219 Ebrulli
543 3147 664 3221 dilecti
690 3150 742 3220 sui
782 3148 977 3221 elementer
1003 3148 1194 3246 aspiceret,
1227 3175 1292 3223 oor

238 3257 322 3333 illius
344 3261 425 3336 fidei
448 3263 625 3339 soliditate
650 3265 855 3350 roboravit,
877 3267 1044 3365 quatinus
1065 3292 1294 3365 perseverans

609 3431 731 3442 *tu-*-

265 3505 301 3571 (12
321 3504 360 3559 Ce
378 3505 427 3559 tait
440 3515 589 3569 roucourt,
608 3523 671 3560 arec
687 3504 821 3580 quelques
833 3515 926 3560 autres
945 3505 983 3560 dn
999 3506 1088 3561 meme
1104 3524 1189 3578 genre
1202 3510 1295 3580 pulses

240 3591 299 3646 &aa
312 3594 450 3665 Gnigoire
472 3594 507 3648 de
525 3596 632 3662 Toum,
654 3601 668 3649 ’a
692 3614 810 3669 prouvrr
832 3614 887 3670 que
907 3595 1010 3667 l'usagr
1027 3596 1075 3650 ‹lcs
1092 3595 1202 3652 eloclses
1225 3597 1293 3651 dans

241 3682 340 3755 tegna·
352 3684 517 3739 d’llccidrnt
530 3696 572 3739 est
585 3686 640 3740 sort
651 3687 792 3741 anterieur
802 3705 836 3741 an
849 3705 919 3760 pape
935 3686 1080 3754 sublmen,
1097 3687 1196 3762 auquel
1211 3708 1248 3743 on
1259 3706 1294 3743 en

244 3786 370 3828 emerat
380 3775 503 3828 attribui·
513 3775 732 3830 l’introduction.

270 3867 305 3935 la)
319 3865 339 3918 ll
353 3867 449 3937 sursit,
465 3865 572 3938 d'aprin
585 3887 616 3920 ce
630 3869 811 3940 paragraphe,
822 3886 876 3942 qne
889 3867 914 3919 la
927 3869 1083 3939 reputation
1097 3867 1145 3921 des
1158 3865 1293 3921 corbcanx

246 3957 329 4010 snite
342 3968 456 4032 rapport
468 3957 503 4011 de
521 3957 704 4013 l'iuclination
724 3978 758 4014 au
777 3959 834 4025 rol,
849 3959 912 4013 date
924 3957 960 4013 de
971 3959 1038 4013 loin.
1050 3960 1127 4014 Nous
1139 3978 1221 4014 avons
1233 3959 1295 4028 de'jii

248 4059 275 4096 tu
284 4046 412 4102 ridemus
421 4050 432 4116 (
439 4059 459 4100 t.
473 4048 517 4115 11,
529 4068 557 4120 p.
573 4065 624 4123 272
634 4052 641 4114 l
652 4047 700 4102 des
713 4051 822 4105 oiseaux
834 4049 870 4104 de
882 4059 955 4104 cette
966 4053 1062 4122 espice
1076 4051 1179 4124 figuret·
1190 4049 1258 4102 dans
1271 4048 1296 4100 la

249 4128 346 4199 tresde
355 4138 389 4192 de
399 4140 472 4192 saint
484 4137 624 4200 Guthlac;
637 4139 705 4193 mais
716 4139 789 4195 leurs
803 4141 910 4194 ‹lelants
924 4161 940 4211 5
954 4152 1016 4195 sont
1030 4142 1130 4196 toleres
1141 4159 1204 4195 aare
1216 4139 1299 4193 bean

252 4240 310 4296 tnup
321 4227 376 4298 plus
388 4228 424 4282 dc
435 4228 571 4283 donceur.
