<?xml version="1.0" encoding="UTF-8"?>
<!DOCTYPE html PUBLIC "-//W3C//DTD XHTML 1.0 Transitional//EN"
    "http://www.w3.org/TR/xhtml1/DTD/xhtml1-transitional.dtd">
<html xmlns="http://www.w3.org/1999/xhtml" xml:lang="en" lang="en">
 <head>
  <title>
</title>
<meta http-equiv="Content-Type" content="text/html;charset=utf-8" />
  <meta name='ocr-system' content='tesseract 3.04.00' />
  <meta name='ocr-capabilities' content='ocr_page ocr_carea ocr_par ocr_line ocrx_word'/>
</head>
<body>
  <div class='ocr_page' id='page_1' title='image "./ordericivitalis00deligoog_0300.png"; bbox 0 0 3046 5244; ppageno 0'>
   <div class='ocr_carea' id='block_1_1' title="bbox 455 429 1148 493">
    <p class='ocr_par' dir='ltr' id='par_1_1' title="bbox 455 429 1148 493">
     <span class='ocr_line' id='line_1_1' title="bbox 455 429 1148 493; baseline 0.006 -4"><span class='ocrx_word' id='word_1_1' title='bbox 455 429 568 489; x_wconf 77' lang='lat' dir='ltr'><strong>LlllEll</strong></span> <span class='ocrx_word' id='word_1_2' title='bbox 590 430 775 490; x_wconf 77' lang='lat' dir='ltr'><strong>ttc&#39;sat&#39;tts.</strong></span> <span class='ocrx_word' id='word_1_3' title='bbox 1089 436 1148 493; x_wconf 71' lang='lat' dir='ltr'><strong>tata</strong></span> 
     </span>
    </p>
   </div>
   <div class='ocr_carea' id='block_1_2' title="bbox 83 560 1152 3929">
    <p class='ocr_par' dir='ltr' id='par_1_2' title="bbox 83 560 1152 3929">
     <span class='ocr_line' id='line_1_2' title="bbox 90 560 1149 660; baseline 0.001 -26"><span class='ocrx_word' id='word_1_4' title='bbox 90 582 178 649; x_wconf 90' lang='lat' dir='ltr'><strong>tem,</strong></span> <span class='ocrx_word' id='word_1_5' title='bbox 198 565 384 648; x_wconf 85' lang='lat' dir='ltr'><strong>excitavit,</strong></span> <span class='ocrx_word' id='word_1_6' title='bbox 405 563 508 660; x_wconf 91' lang='lat' dir='ltr'><strong>eique</strong></span> <span class='ocrx_word' id='word_1_7' title='bbox 532 560 696 632; x_wconf 77' lang='lat' dir='ltr'><strong>hostilem</strong></span> <span class='ocrx_word' id='word_1_8' title='bbox 713 560 911 632; x_wconf 86' lang='lat' dir='ltr'>discursum</span> <span class='ocrx_word' id='word_1_9' title='bbox 933 587 996 659; x_wconf 89' lang='lat' dir='ltr'><strong>per</strong></span> <span class='ocrx_word' id='word_1_10' title='bbox 1016 579 1149 635; x_wconf 88' lang='lat' dir='ltr'><strong>terram</strong></span> 
     </span>
     <span class='ocr_line' id='line_1_3' title="bbox 89 675 1149 776; baseline 0.001 -25"><span class='ocrx_word' id='word_1_11' title='bbox 89 707 185 752; x_wconf 89' lang='lat' dir='ltr'><strong>suam</strong></span> <span class='ocrx_word' id='word_1_12' title='bbox 197 680 392 751; x_wconf 79' lang='lat' dir='ltr'>nunciavit.</span> <span class='ocrx_word' id='word_1_13' title='bbox 411 678 474 748; x_wconf 88' lang='lat' dir='ltr'><strong>lllc</strong></span> <span class='ocrx_word' id='word_1_14' title='bbox 489 702 588 762; x_wconf 82' lang='lat' dir='ltr'><strong>vero,</strong></span> <span class='ocrx_word' id='word_1_15' title='bbox 608 675 808 774; x_wconf 84' lang='lat' dir='ltr'><strong>utjacebat,</strong></span> <span class='ocrx_word' id='word_1_16' title='bbox 821 678 866 747; x_wconf 88' lang='lat' dir='ltr'><strong>im</strong></span> <span class='ocrx_word' id='word_1_17' title='bbox 873 679 1149 776; x_wconf 85' lang='lat' dir='ltr'><strong>pigersurrexit,</strong></span> 
     </span>
     <span class='ocr_line' id='line_1_4' title="bbox 88 791 1151 892; baseline 0 -25"><span class='ocrx_word' id='word_1_18' title='bbox 88 814 213 867; x_wconf 81' lang='lat' dir='ltr'><strong>etmox</strong></span> <span class='ocrx_word' id='word_1_19' title='bbox 226 820 419 892; x_wconf 71' lang='lat' dir='ltr'><strong>praecones,</strong></span> <span class='ocrx_word' id='word_1_20' title='bbox 432 791 907 891; x_wconf 85' lang='lat' dir='ltr'><strong>adcongregandumagmen</strong></span> <span class='ocrx_word' id='word_1_21' title='bbox 916 810 1151 885; x_wconf 90' lang='lat' dir='ltr'><strong>armatorum,</strong></span> 
     </span>
     <span class='ocr_line' id='line_1_5' title="bbox 89 909 1152 1010; baseline 0.001 -27"><span class='ocrx_word' id='word_1_22' title='bbox 89 939 150 1010; x_wconf 90' lang='lat' dir='ltr'><strong>pec</strong></span> <span class='ocrx_word' id='word_1_23' title='bbox 173 929 285 984; x_wconf 91' lang='lat' dir='ltr'><strong>totam</strong></span> <span class='ocrx_word' id='word_1_24' title='bbox 310 911 492 1009; x_wconf 78' lang='lat' dir='ltr'><strong>regionem</strong></span> <span class='ocrx_word' id='word_1_25' title='bbox 525 909 668 980; x_wconf 86' lang='lat' dir='ltr'><strong>direxit.</strong></span> <span class='ocrx_word' id='word_1_26' title='bbox 696 909 812 981; x_wconf 89' lang='lat' dir='ltr'><strong>Porro</strong></span> <span class='ocrx_word' id='word_1_27' title='bbox 835 911 907 1008; x_wconf 89' lang='lat' dir='ltr'><strong>ipse</strong></span> <span class='ocrx_word' id='word_1_28' title='bbox 929 938 1011 984; x_wconf 88' lang='lat' dir='ltr'><strong>eum</strong></span> <span class='ocrx_word' id='word_1_29' title='bbox 1034 915 1152 1010; x_wconf 77' lang='lat' dir='ltr'><strong>paucis</strong></span> 
     </span>
     <span class='ocr_line' id='line_1_6' title="bbox 88 1024 1151 1124; baseline 0.002 -25"><span class='ocrx_word' id='word_1_30' title='bbox 88 1027 319 1100; x_wconf 79' lang='lat' dir='ltr'>bellatoribus</span> <span class='ocrx_word' id='word_1_31' title='bbox 344 1029 535 1124; x_wconf 91' lang='lat' dir='ltr'><strong>imparatus</strong></span> <span class='ocrx_word' id='word_1_32' title='bbox 559 1024 706 1096; x_wconf 84' lang='lat' dir='ltr'><strong>Guallos</strong></span> <span class='ocrx_word' id='word_1_33' title='bbox 728 1043 934 1123; x_wconf 86' lang='lat' dir='ltr'><strong>prosecutus</strong></span> <span class='ocrx_word' id='word_1_34' title='bbox 959 1045 1029 1116; x_wconf 89' lang='lat' dir='ltr'><strong>est,</strong></span> <span class='ocrx_word' id='word_1_35' title='bbox 1051 1029 1151 1101; x_wconf 85' lang='lat' dir='ltr'><strong>etde</strong></span> 
     </span>
     <span class='ocr_line' id='line_1_7' title="bbox 89 1142 1150 1240; baseline 0.004 -28"><span class='ocrx_word' id='word_1_36' title='bbox 89 1147 219 1216; x_wconf 73' lang='lat' dir='ltr'><strong>vertice</strong></span> <span class='ocrx_word' id='word_1_37' title='bbox 252 1145 383 1214; x_wconf 88' lang='lat' dir='ltr'><strong>montis</strong></span> <span class='ocrx_word' id='word_1_38' title='bbox 411 1142 665 1228; x_wconf 81' lang='lat' dir='ltr'><strong>llormaberae,</strong></span> <span class='ocrx_word' id='word_1_39' title='bbox 694 1143 754 1240; x_wconf 77' lang='lat' dir='ltr'><strong>qm</strong></span> <span class='ocrx_word' id='word_1_40' title='bbox 788 1142 894 1213; x_wconf 90' lang='lat' dir='ltr'><strong>nimis</strong></span> <span class='ocrx_word' id='word_1_41' title='bbox 924 1142 1054 1215; x_wconf 89' lang='lat' dir='ltr'><strong>arduus</strong></span> <span class='ocrx_word' id='word_1_42' title='bbox 1079 1163 1150 1237; x_wconf 88' lang='lat' dir='ltr'><strong>est,</strong></span> 
     </span>
     <span class='ocr_line' id='line_1_8' title="bbox 87 1258 1151 1357; baseline 0.002 -28"><span class='ocrx_word' id='word_1_43' title='bbox 87 1260 284 1355; x_wconf 76' lang='lat' dir='ltr'><strong>captivosa</strong></span> <span class='ocrx_word' id='word_1_44' title='bbox 313 1259 435 1355; x_wconf 90' lang='lat' dir='ltr'><strong>piratis</strong></span> <span class='ocrx_word' id='word_1_45' title='bbox 459 1258 575 1357; x_wconf 88' lang='lat' dir='ltr'><strong>ligari,</strong></span> <span class='ocrx_word' id='word_1_46' title='bbox 600 1259 693 1328; x_wconf 90' lang='lat' dir='ltr'><strong>etin</strong></span> <span class='ocrx_word' id='word_1_47' title='bbox 721 1281 825 1328; x_wconf 83' lang='lat' dir='ltr'><strong>nares</strong></span> <span class='ocrx_word' id='word_1_48' title='bbox 852 1284 934 1329; x_wconf 92' lang='lat' dir='ltr'><strong>cum</strong></span> <span class='ocrx_word' id='word_1_49' title='bbox 963 1259 1151 1357; x_wconf 83' lang='lat' dir='ltr'>pecoribus</span> 
     </span>
     <span class='ocr_line' id='line_1_9' title="bbox 87 1374 1151 1473; baseline 0.003 -27"><span class='ocrx_word' id='word_1_50' title='bbox 87 1378 303 1473; x_wconf 70' lang='lat' dir='ltr'><strong>praecipitari</strong></span> <span class='ocrx_word' id='word_1_51' title='bbox 315 1377 513 1473; x_wconf 80' lang='lat' dir='ltr'><strong>speculatus</strong></span> <span class='ocrx_word' id='word_1_52' title='bbox 524 1393 588 1446; x_wconf 91' lang='lat' dir='ltr'><strong>est.</strong></span> <span class='ocrx_word' id='word_1_53' title='bbox 597 1374 701 1447; x_wconf 89' lang='lat' dir='ltr'><strong>Unde</strong></span> <span class='ocrx_word' id='word_1_54' title='bbox 708 1374 913 1464; x_wconf 87' lang='lat' dir='ltr'><strong>marchisus,</strong></span> <span class='ocrx_word' id='word_1_55' title='bbox 924 1376 1035 1449; x_wconf 89' lang='lat' dir='ltr'><strong>audax</strong></span> <span class='ocrx_word' id='word_1_56' title='bbox 1049 1395 1088 1448; x_wconf 92' lang='lat' dir='ltr'><strong>ut</strong></span> <span class='ocrx_word' id='word_1_57' title='bbox 1097 1379 1151 1450; x_wconf 91' lang='lat' dir='ltr'><strong>leo</strong></span> 
     </span>
     <span class='ocr_line' id='line_1_10' title="bbox 90 1491 1148 1594; baseline 0.006 -31"><span class='ocrx_word' id='word_1_58' title='bbox 90 1491 237 1582; x_wconf 91' lang='lat' dir='ltr'><strong>nobilis,</strong></span> <span class='ocrx_word' id='word_1_59' title='bbox 262 1493 491 1566; x_wconf 80' lang='lat' dir='ltr'><strong>vehementer</strong></span> <span class='ocrx_word' id='word_1_60' title='bbox 518 1495 719 1584; x_wconf 76' lang='lat' dir='ltr'><strong>infremuit,</strong></span> <span class='ocrx_word' id='word_1_61' title='bbox 745 1492 977 1593; x_wconf 81' lang='lat' dir='ltr'>hominesque</span> <span class='ocrx_word' id='word_1_62' title='bbox 1001 1523 1148 1594; x_wconf 87' lang='lat' dir='ltr'><strong>paucos,</strong></span> 
     </span>
     <span class='ocr_line' id='line_1_11' title="bbox 88 1611 1151 1709; baseline 0.007 -30"><span class='ocrx_word' id='word_1_63' title='bbox 88 1611 147 1707; x_wconf 93' lang='lat' dir='ltr'><strong>qui</strong></span> <span class='ocrx_word' id='word_1_64' title='bbox 167 1637 285 1683; x_wconf 86' lang='lat' dir='ltr'><strong>secum</strong></span> <span class='ocrx_word' id='word_1_65' title='bbox 304 1612 456 1683; x_wconf 88' lang='lat' dir='ltr'><strong>inermes</strong></span> <span class='ocrx_word' id='word_1_66' title='bbox 479 1627 598 1696; x_wconf 90' lang='lat' dir='ltr'><strong>erant,</strong></span> <span class='ocrx_word' id='word_1_67' title='bbox 620 1628 677 1700; x_wconf 91' lang='lat' dir='ltr'><strong>ut,</strong></span> <span class='ocrx_word' id='word_1_68' title='bbox 696 1627 888 1709; x_wconf 82' lang='lat' dir='ltr'><strong>antequam</strong></span> <span class='ocrx_word' id='word_1_69' title='bbox 913 1630 1017 1684; x_wconf 80' lang='lat' dir='ltr'><strong>oestus</strong></span> <span class='ocrx_word' id='word_1_70' title='bbox 1043 1616 1151 1686; x_wconf 88' lang='lat' dir='ltr'><strong>maris</strong></span> 
     </span>
     <span class='ocr_line' id='line_1_12' title="bbox 89 1726 1151 1827; baseline 0.008 -30"><span class='ocrx_word' id='word_1_71' title='bbox 89 1726 236 1814; x_wconf 80' lang='lat' dir='ltr'><strong>rediret,</strong></span> <span class='ocrx_word' id='word_1_72' title='bbox 256 1754 363 1827; x_wconf 88' lang='lat' dir='ltr'><strong>super</strong></span> <span class='ocrx_word' id='word_1_73' title='bbox 379 1728 525 1801; x_wconf 89' lang='lat' dir='ltr'><strong>Guallos</strong></span> <span class='ocrx_word' id='word_1_74' title='bbox 539 1728 575 1799; x_wconf 90' lang='lat' dir='ltr'><strong>in</strong></span> <span class='ocrx_word' id='word_1_75' title='bbox 590 1729 683 1801; x_wconf 91' lang='lat' dir='ltr'><strong>sicco</strong></span> <span class='ocrx_word' id='word_1_76' title='bbox 696 1728 817 1801; x_wconf 88' lang='lat' dir='ltr'><strong>littore</strong></span> <span class='ocrx_word' id='word_1_77' title='bbox 832 1732 1014 1803; x_wconf 88' lang='lat' dir='ltr'><strong>irruerent</strong></span> <span class='ocrx_word' id='word_1_78' title='bbox 1031 1733 1151 1805; x_wconf 89' lang='lat' dir='ltr'><strong>admo·</strong></span> 
     </span>
     <span class='ocr_line' id='line_1_13' title="bbox 88 1845 1150 1947; baseline 0.007 -34"><span class='ocrx_word' id='word_1_79' title='bbox 88 1846 176 1914; x_wconf 91' lang='lat' dir='ltr'><strong>nuit.</strong></span> <span class='ocrx_word' id='word_1_80' title='bbox 194 1846 249 1916; x_wconf 93' lang='lat' dir='ltr'><strong>llli</strong></span> <span class='ocrx_word' id='word_1_81' title='bbox 270 1871 357 1918; x_wconf 81' lang='lat' dir='ltr'><strong>rero</strong></span> <span class='ocrx_word' id='word_1_82' title='bbox 374 1845 603 1945; x_wconf 64' lang='lat' dir='ltr'><strong>praetendunt</strong></span> <span class='ocrx_word' id='word_1_83' title='bbox 622 1871 767 1918; x_wconf 90' lang='lat' dir='ltr'><strong>suorum</strong></span> <span class='ocrx_word' id='word_1_84' title='bbox 784 1847 1021 1944; x_wconf 89' lang='lat' dir='ltr'><strong>paucitatem,</strong></span> <span class='ocrx_word' id='word_1_85' title='bbox 1034 1865 1069 1920; x_wconf 88' lang='lat' dir='ltr'><strong>et</strong></span> <span class='ocrx_word' id='word_1_86' title='bbox 1086 1875 1150 1947; x_wconf 92' lang='lat' dir='ltr'><strong>per</strong></span> 
     </span>
     <span class='ocr_line' id='line_1_14' title="bbox 85 1962 1146 2062; baseline 0.006 -30"><span class='ocrx_word' id='word_1_87' title='bbox 85 1962 183 2033; x_wconf 90' lang='lat' dir='ltr'><strong>ardui</strong></span> <span class='ocrx_word' id='word_1_88' title='bbox 208 1966 341 2035; x_wconf 89' lang='lat' dir='ltr'><strong>montis</strong></span> <span class='ocrx_word' id='word_1_89' title='bbox 363 1965 602 2062; x_wconf 85' lang='lat' dir='ltr'><strong>praecipitium</strong></span> <span class='ocrx_word' id='word_1_90' title='bbox 626 1963 862 2037; x_wconf 87' lang='lat' dir='ltr'><strong>descendendi</strong></span> <span class='ocrx_word' id='word_1_91' title='bbox 890 1965 1146 2038; x_wconf 84' lang='lat' dir='ltr'><strong>difficultatem.</strong></span> 
     </span>
     <span class='ocr_line' id='line_1_15' title="bbox 87 2079 1150 2180; baseline 0.006 -31"><span class='ocrx_word' id='word_1_92' title='bbox 87 2080 245 2179; x_wconf 88' lang='lat' dir='ltr'><strong>Denique</strong></span> <span class='ocrx_word' id='word_1_93' title='bbox 258 2080 474 2170; x_wconf 77' lang='lat' dir='ltr'><strong>bedbertus,</strong></span> <span class='ocrx_word' id='word_1_94' title='bbox 485 2081 569 2153; x_wconf 84' lang='lat' dir='ltr'><strong>dum</strong></span> <span class='ocrx_word' id='word_1_95' title='bbox 580 2079 719 2152; x_wconf 80' lang='lat' dir='ltr'><strong>rideret</strong></span> <span class='ocrx_word' id='word_1_96' title='bbox 730 2082 913 2153; x_wconf 89' lang='lat' dir='ltr'><strong>inimicum</strong></span> <span class='ocrx_word' id='word_1_97' title='bbox 927 2109 1053 2180; x_wconf 89' lang='lat' dir='ltr'><strong>agmen</strong></span> <span class='ocrx_word' id='word_1_98' title='bbox 1069 2111 1150 2155; x_wconf 92' lang='lat' dir='ltr'><strong>cum</strong></span> 
     </span>
     <span class='ocr_line' id='line_1_16' title="bbox 86 2194 1149 2296; baseline 0.001 -30"><span class='ocrx_word' id='word_1_99' title='bbox 86 2195 202 2292; x_wconf 81' lang='lat' dir='ltr'><strong>praeda</strong></span> <span class='ocrx_word' id='word_1_100' title='bbox 230 2224 288 2267; x_wconf 91' lang='lat' dir='ltr'><strong>sua</strong></span> <span class='ocrx_word' id='word_1_101' title='bbox 316 2198 513 2294; x_wconf 85' lang='lat' dir='ltr'><strong>praestolari</strong></span> <span class='ocrx_word' id='word_1_102' title='bbox 535 2194 689 2275; x_wconf 85' lang='lat' dir='ltr'><strong>reditum</strong></span> <span class='ocrx_word' id='word_1_103' title='bbox 708 2197 835 2282; x_wconf 90' lang='lat' dir='ltr'><strong>maris,</strong></span> <span class='ocrx_word' id='word_1_104' title='bbox 855 2222 928 2294; x_wconf 92' lang='lat' dir='ltr'><strong>quo</strong></span> <span class='ocrx_word' id='word_1_105' title='bbox 948 2200 1149 2296; x_wconf 74' lang='lat' dir='ltr'><strong>aufugeret,</strong></span> 
     </span>
     <span class='ocr_line' id='line_1_17' title="bbox 86 2311 1152 2413; baseline 0.005 -31"><span class='ocrx_word' id='word_1_106' title='bbox 86 2315 191 2384; x_wconf 76' lang='lat' dir='ltr'><strong>trimis</strong></span> <span class='ocrx_word' id='word_1_107' title='bbox 201 2312 329 2394; x_wconf 82' lang='lat' dir='ltr'><strong>doluit,</strong></span> <span class='ocrx_word' id='word_1_108' title='bbox 338 2315 595 2413; x_wconf 86' lang='lat' dir='ltr'><strong>impatiensque</strong></span> <span class='ocrx_word' id='word_1_109' title='bbox 607 2339 732 2396; x_wconf 64' lang='lat' dir='ltr'><strong>morae,</strong></span> <span class='ocrx_word' id='word_1_110' title='bbox 745 2311 995 2410; x_wconf 83' lang='lat' dir='ltr'><strong>perdifficilem</strong></span> <span class='ocrx_word' id='word_1_111' title='bbox 1008 2315 1152 2387; x_wconf 84' lang='lat' dir='ltr'><strong>‹lescen-</strong></span> 
     </span>
     <span class='ocr_line' id='line_1_18' title="bbox 84 2427 1149 2517; baseline 0.001 -19"><span class='ocrx_word' id='word_1_112' title='bbox 84 2454 158 2499; x_wconf 86' lang='lat' dir='ltr'><strong>sum</strong></span> <span class='ocrx_word' id='word_1_113' title='bbox 177 2430 251 2499; x_wconf 92' lang='lat' dir='ltr'><strong>sine</strong></span> <span class='ocrx_word' id='word_1_114' title='bbox 271 2429 395 2517; x_wconf 89' lang='lat' dir='ltr'><strong>lorica,</strong></span> <span class='ocrx_word' id='word_1_115' title='bbox 414 2456 495 2500; x_wconf 92' lang='lat' dir='ltr'><strong>cum</strong></span> <span class='ocrx_word' id='word_1_116' title='bbox 512 2455 586 2500; x_wconf 92' lang='lat' dir='ltr'><strong>uno</strong></span> <span class='ocrx_word' id='word_1_117' title='bbox 605 2430 737 2514; x_wconf 92' lang='lat' dir='ltr'><strong>milite,</strong></span> <span class='ocrx_word' id='word_1_118' title='bbox 759 2429 906 2500; x_wconf 88' lang='lat' dir='ltr'><strong>nominc</strong></span> <span class='ocrx_word' id='word_1_119' title='bbox 923 2427 1087 2500; x_wconf 90' lang='lat' dir='ltr'><strong>Osberno</strong></span> <span class='ocrx_word' id='word_1_120' title='bbox 1105 2428 1149 2499; x_wconf 88' lang='lat' dir='ltr'><strong>de</strong></span> 
     </span>
     <span class='ocr_line' id='line_1_19' title="bbox 84 2545 1150 2645; baseline 0.006 -32"><span class='ocrx_word' id='word_1_121' title='bbox 84 2547 256 2645; x_wconf 83' lang='lat' dir='ltr'><strong>llrgeriis,</strong></span> <span class='ocrx_word' id='word_1_122' title='bbox 273 2545 316 2617; x_wconf 91' lang='lat' dir='ltr'><strong>ad</strong></span> <span class='ocrx_word' id='word_1_123' title='bbox 331 2547 447 2619; x_wconf 88' lang='lat' dir='ltr'><strong>hostes</strong></span> <span class='ocrx_word' id='word_1_124' title='bbox 462 2546 655 2619; x_wconf 85' lang='lat' dir='ltr'><strong>descendit.</strong></span> <span class='ocrx_word' id='word_1_125' title='bbox 673 2545 787 2638; x_wconf 85' lang='lat' dir='ltr'><strong>Quem</strong></span> <span class='ocrx_word' id='word_1_126' title='bbox 802 2572 883 2617; x_wconf 89' lang='lat' dir='ltr'><strong>cum</strong></span> <span class='ocrx_word' id='word_1_127' title='bbox 899 2545 1059 2618; x_wconf 91' lang='lat' dir='ltr'><strong>viderent</strong></span> <span class='ocrx_word' id='word_1_128' title='bbox 1073 2547 1150 2619; x_wconf 88' lang='lat' dir='ltr'><strong>solo</strong></span> 
     </span>
     <span class='ocr_line' id='line_1_20' title="bbox 84 2661 1146 2758; baseline 0.002 -28"><span class='ocrx_word' id='word_1_129' title='bbox 84 2661 205 2758; x_wconf 71' lang='lat' dir='ltr'><strong>clypeo</strong></span> <span class='ocrx_word' id='word_1_130' title='bbox 232 2679 454 2758; x_wconf 91' lang='lat' dir='ltr'><strong>protectum,</strong></span> <span class='ocrx_word' id='word_1_131' title='bbox 485 2679 521 2733; x_wconf 91' lang='lat' dir='ltr'><strong>et</strong></span> <span class='ocrx_word' id='word_1_132' title='bbox 549 2687 623 2732; x_wconf 89' lang='lat' dir='ltr'><strong>uno</strong></span> <span class='ocrx_word' id='word_1_133' title='bbox 649 2677 789 2731; x_wconf 91' lang='lat' dir='ltr'><strong>tantum</strong></span> <span class='ocrx_word' id='word_1_134' title='bbox 815 2661 930 2732; x_wconf 91' lang='lat' dir='ltr'><strong>milite</strong></span> <span class='ocrx_word' id='word_1_135' title='bbox 958 2662 1146 2758; x_wconf 87' lang='lat' dir='ltr'><strong>stipatum,</strong></span> 
     </span>
     <span class='ocr_line' id='line_1_21' title="bbox 84 2776 1148 2875; baseline 0.001 -28"><span class='ocrx_word' id='word_1_136' title='bbox 84 2802 206 2849; x_wconf 79' lang='lat' dir='ltr'><strong>omttes</strong></span> <span class='ocrx_word' id='word_1_137' title='bbox 228 2780 363 2875; x_wconf 89' lang='lat' dir='ltr'><strong>pariter</strong></span> <span class='ocrx_word' id='word_1_138' title='bbox 384 2780 419 2849; x_wconf 93' lang='lat' dir='ltr'><strong>in</strong></span> <span class='ocrx_word' id='word_1_139' title='bbox 447 2778 547 2849; x_wconf 92' lang='lat' dir='ltr'><strong>illum</strong></span> <span class='ocrx_word' id='word_1_140' title='bbox 564 2777 707 2850; x_wconf 82' lang='lat' dir='ltr'><strong>missilia</strong></span> <span class='ocrx_word' id='word_1_141' title='bbox 731 2776 929 2862; x_wconf 90' lang='lat' dir='ltr'><strong>destinant,</strong></span> <span class='ocrx_word' id='word_1_142' title='bbox 954 2793 989 2847; x_wconf 88' lang='lat' dir='ltr'><strong>et</strong></span> <span class='ocrx_word' id='word_1_143' title='bbox 1010 2793 1148 2848; x_wconf 90' lang='lat' dir='ltr'><strong>scutum</strong></span> 
     </span>
     <span class='ocr_line' id='line_1_22' title="bbox 83 2895 1149 2992; baseline 0.003 -30"><span class='ocrx_word' id='word_1_144' title='bbox 83 2896 152 2991; x_wconf 82' lang='lat' dir='ltr'><strong>ejus</strong></span> <span class='ocrx_word' id='word_1_145' title='bbox 163 2895 287 2992; x_wconf 85' lang='lat' dir='ltr'><strong>jaculis</strong></span> <span class='ocrx_word' id='word_1_146' title='bbox 306 2895 583 2967; x_wconf 81' lang='lat' dir='ltr'><strong>intolerabiliter</strong></span> <span class='ocrx_word' id='word_1_147' title='bbox 599 2910 768 2980; x_wconf 87' lang='lat' dir='ltr'><strong>onerant,</strong></span> <span class='ocrx_word' id='word_1_148' title='bbox 791 2911 827 2965; x_wconf 90' lang='lat' dir='ltr'><strong>et</strong></span> <span class='ocrx_word' id='word_1_149' title='bbox 844 2897 1027 2992; x_wconf 86' lang='lat' dir='ltr'><strong>egregium</strong></span> <span class='ocrx_word' id='word_1_150' title='bbox 1051 2895 1149 2965; x_wconf 87' lang='lat' dir='ltr'><strong>mili·</strong></span> 
     </span>
     <span class='ocr_line' id='line_1_23' title="bbox 85 3010 1147 3110; baseline 0.002 -30"><span class='ocrx_word' id='word_1_151' title='bbox 85 3028 154 3081; x_wconf 87' lang='lat' dir='ltr'><strong>tem</strong></span> <span class='ocrx_word' id='word_1_152' title='bbox 168 3010 346 3083; x_wconf 86' lang='lat' dir='ltr'><strong>lethaliter</strong></span> <span class='ocrx_word' id='word_1_153' title='bbox 359 3014 562 3084; x_wconf 76' lang='lat' dir='ltr'><strong>vulnerant.</strong></span> <span class='ocrx_word' id='word_1_154' title='bbox 578 3013 704 3084; x_wconf 86' lang='lat' dir='ltr'><strong>Nullus</strong></span> <span class='ocrx_word' id='word_1_155' title='bbox 717 3029 836 3082; x_wconf 90' lang='lat' dir='ltr'><strong>tamen</strong></span> <span class='ocrx_word' id='word_1_156' title='bbox 849 3012 1020 3110; x_wconf 88' lang='lat' dir='ltr'><strong>quamdiu</strong></span> <span class='ocrx_word' id='word_1_157' title='bbox 1038 3014 1147 3098; x_wconf 88' lang='lat' dir='ltr'><strong>stetit,</strong></span> 
     </span>
     <span class='ocr_line' id='line_1_24' title="bbox 85 3129 1148 3224; baseline 0.004 -28"><span class='ocrx_word' id='word_1_158' title='bbox 85 3144 117 3197; x_wconf 92' lang='lat' dir='ltr'><strong>et</strong></span> <span class='ocrx_word' id='word_1_159' title='bbox 146 3155 307 3224; x_wconf 87' lang='lat' dir='ltr'><strong>parmam</strong></span> <span class='ocrx_word' id='word_1_160' title='bbox 337 3131 471 3215; x_wconf 89' lang='lat' dir='ltr'><strong>tenuit,</strong></span> <span class='ocrx_word' id='word_1_161' title='bbox 502 3129 650 3200; x_wconf 90' lang='lat' dir='ltr'><strong>adeum</strong></span> <span class='ocrx_word' id='word_1_162' title='bbox 685 3130 846 3201; x_wconf 89' lang='lat' dir='ltr'><strong>cominus</strong></span> <span class='ocrx_word' id='word_1_163' title='bbox 879 3129 1062 3215; x_wconf 88' lang='lat' dir='ltr'><strong>accedere,</strong></span> <span class='ocrx_word' id='word_1_164' title='bbox 1093 3131 1148 3200; x_wconf 74' lang='lat' dir='ltr'><strong>t&#39;el</strong></span> 
     </span>
     <span class='ocr_line' id='line_1_25' title="bbox 86 3244 1150 3346; baseline 0.001 -31"><span class='ocrx_word' id='word_1_165' title='bbox 86 3272 164 3316; x_wconf 90' lang='lat' dir='ltr'><strong>eum</strong></span> <span class='ocrx_word' id='word_1_166' title='bbox 184 3271 265 3317; x_wconf 90' lang='lat' dir='ltr'><strong>ense</strong></span> <span class='ocrx_word' id='word_1_167' title='bbox 284 3249 453 3346; x_wconf 88' lang='lat' dir='ltr'><strong>impetere</strong></span> <span class='ocrx_word' id='word_1_168' title='bbox 466 3274 568 3318; x_wconf 90' lang='lat' dir='ltr'><strong>ausus</strong></span> <span class='ocrx_word' id='word_1_169' title='bbox 578 3249 657 3317; x_wconf 83' lang='lat' dir='ltr'><strong>luit.</strong></span> <span class='ocrx_word' id='word_1_170' title='bbox 670 3246 827 3317; x_wconf 86' lang='lat' dir='ltr'><strong>Tandem</strong></span> <span class='ocrx_word' id='word_1_171' title='bbox 844 3245 1033 3316; x_wconf 88' lang='lat' dir='ltr'><strong>bellicosus</strong></span> <span class='ocrx_word' id='word_1_172' title='bbox 1046 3244 1150 3318; x_wconf 86' lang='lat' dir='ltr'><strong>beros</strong></span> 
     </span>
     <span class='ocr_line' id='line_1_26' title="bbox 87 3363 1150 3462; baseline 0.003 -31"><span class='ocrx_word' id='word_1_173' title='bbox 87 3364 228 3460; x_wconf 86' lang='lat' dir='ltr'><strong>spiculis</strong></span> <span class='ocrx_word' id='word_1_174' title='bbox 254 3367 433 3436; x_wconf 87' lang='lat' dir='ltr'><strong>conlossus</strong></span> <span class='ocrx_word' id='word_1_175' title='bbox 457 3390 571 3462; x_wconf 89' lang='lat' dir='ltr'><strong>genua</strong></span> <span class='ocrx_word' id='word_1_176' title='bbox 596 3364 711 3449; x_wconf 86' lang='lat' dir='ltr'><strong>llexit,</strong></span> <span class='ocrx_word' id='word_1_177' title='bbox 731 3378 766 3433; x_wconf 88' lang='lat' dir='ltr'><strong>et</strong></span> <span class='ocrx_word' id='word_1_178' title='bbox 794 3380 932 3433; x_wconf 91' lang='lat' dir='ltr'><strong>scutum</strong></span> <span class='ocrx_word' id='word_1_179' title='bbox 959 3363 1150 3434; x_wconf 86' lang='lat' dir='ltr'><strong>missilibus</strong></span> 
     </span>
     <span class='ocr_line' id='line_1_27' title="bbox 88 3478 1150 3579; baseline 0.003 -30"><span class='ocrx_word' id='word_1_180' title='bbox 88 3481 192 3551; x_wconf 89' lang='lat' dir='ltr'><strong>nimis</strong></span> <span class='ocrx_word' id='word_1_181' title='bbox 209 3497 390 3567; x_wconf 90' lang='lat' dir='ltr'><strong>onustum,</strong></span> <span class='ocrx_word' id='word_1_182' title='bbox 417 3481 552 3552; x_wconf 80' lang='lat' dir='ltr'><strong>viribus</strong></span> <span class='ocrx_word' id='word_1_183' title='bbox 569 3481 729 3566; x_wconf 79' lang='lat' dir='ltr'><strong>ell&#39;oetus,</strong></span> <span class='ocrx_word' id='word_1_184' title='bbox 749 3478 901 3565; x_wconf 89' lang='lat' dir='ltr'><strong>dimisit,</strong></span> <span class='ocrx_word' id='word_1_185' title='bbox 922 3480 1150 3579; x_wconf 82' lang='lat' dir='ltr'><strong>animamque</strong></span> 
     </span>
     <span class='ocr_line' id='line_1_28' title="bbox 88 3596 1150 3696; baseline 0.003 -32"><span class='ocrx_word' id='word_1_186' title='bbox 88 3622 182 3665; x_wconf 85' lang='lat' dir='ltr'><strong>suam</strong></span> <span class='ocrx_word' id='word_1_187' title='bbox 198 3597 286 3682; x_wconf 84' lang='lat' dir='ltr'><strong>Ile0,</strong></span> <span class='ocrx_word' id='word_1_188' title='bbox 310 3614 510 3696; x_wconf 65' lang='lat' dir='ltr'><strong>sanctaque</strong></span> <span class='ocrx_word' id='word_1_189' title='bbox 522 3598 584 3667; x_wconf 83' lang='lat' dir='ltr'><strong>Ilei</strong></span> <span class='ocrx_word' id='word_1_190' title='bbox 599 3596 763 3696; x_wconf 76' lang='lat' dir='ltr'><strong>genitrici</strong></span> <span class='ocrx_word' id='word_1_191' title='bbox 779 3596 902 3665; x_wconf 80' lang='lat' dir='ltr'><strong>lllariae</strong></span> <span class='ocrx_word' id='word_1_192' title='bbox 918 3596 1150 3667; x_wconf 89' lang='lat' dir='ltr'><strong>commenda-</strong></span> 
     </span>
     <span class='ocr_line' id='line_1_29' title="bbox 89 3714 1150 3810; baseline 0.004 -30"><span class='ocrx_word' id='word_1_193' title='bbox 89 3714 148 3781; x_wconf 76' lang='lat' dir='ltr'><strong>rit.</strong></span> <span class='ocrx_word' id='word_1_194' title='bbox 165 3715 268 3784; x_wconf 86' lang='lat' dir='ltr'><strong>Tunc</strong></span> <span class='ocrx_word' id='word_1_195' title='bbox 278 3741 400 3786; x_wconf 89' lang='lat' dir='ltr'><strong>omnes</strong></span> <span class='ocrx_word' id='word_1_196' title='bbox 419 3717 453 3785; x_wconf 90' lang='lat' dir='ltr'><strong>in</strong></span> <span class='ocrx_word' id='word_1_197' title='bbox 469 3716 570 3786; x_wconf 87' lang='lat' dir='ltr'><strong>illum</strong></span> <span class='ocrx_word' id='word_1_198' title='bbox 587 3718 746 3799; x_wconf 89' lang='lat' dir='ltr'><strong>irruunt,</strong></span> <span class='ocrx_word' id='word_1_199' title='bbox 761 3716 844 3785; x_wconf 90' lang='lat' dir='ltr'><strong>etin</strong></span> <span class='ocrx_word' id='word_1_200' title='bbox 860 3729 1051 3810; x_wconf 89' lang='lat' dir='ltr'><strong>conspectu</strong></span> <span class='ocrx_word' id='word_1_201' title='bbox 1064 3742 1150 3785; x_wconf 84' lang='lat' dir='ltr'><strong>suo-</strong></span> 
     </span>
     <span class='ocr_line' id='line_1_30' title="bbox 91 3832 1149 3929; baseline 0.006 -33"><span class='ocrx_word' id='word_1_202' title='bbox 91 3856 164 3899; x_wconf 90' lang='lat' dir='ltr'><strong>rum</strong></span> <span class='ocrx_word' id='word_1_203' title='bbox 178 3848 283 3926; x_wconf 89' lang='lat' dir='ltr'><strong>caput</strong></span> <span class='ocrx_word' id='word_1_204' title='bbox 301 3834 374 3925; x_wconf 77' lang='lat' dir='ltr'><strong>ejus</strong></span> <span class='ocrx_word' id='word_1_205' title='bbox 391 3832 623 3918; x_wconf 88' lang='lat' dir='ltr'><strong>abscindunt,</strong></span> <span class='ocrx_word' id='word_1_206' title='bbox 646 3860 685 3903; x_wconf 89' lang='lat' dir='ltr'><strong>ae</strong></span> <span class='ocrx_word' id='word_1_207' title='bbox 702 3858 808 3929; x_wconf 89' lang='lat' dir='ltr'><strong>super</strong></span> <span class='ocrx_word' id='word_1_208' title='bbox 823 3832 955 3901; x_wconf 88' lang='lat' dir='ltr'><strong>malum</strong></span> <span class='ocrx_word' id='word_1_209' title='bbox 972 3833 1069 3901; x_wconf 83' lang='lat' dir='ltr'><strong>naris</strong></span> <span class='ocrx_word' id='word_1_210' title='bbox 1082 3860 1149 3928; x_wconf 83' lang='lat' dir='ltr'><strong>pro</strong></span> 
     </span>
    </p>
   </div>
   <div class='ocr_carea' id='block_1_3' title="bbox 91 3946 1149 4046">
    <p class='ocr_par' dir='ltr' id='par_1_3' title="bbox 91 3946 1149 4046">
     <span class='ocr_line' id='line_1_31' title="bbox 91 3946 1149 4046; baseline 0.004 -35"><span class='ocrx_word' id='word_1_211' title='bbox 91 3946 186 4041; x_wconf 73' lang='lat' dir='ltr'><strong>signu</strong></span> <span class='ocrx_word' id='word_1_212' title='bbox 216 3947 375 4016; x_wconf 66' lang='lat' dir='ltr'><strong>victoria</strong></span> <span class='ocrx_word' id='word_1_213' title='bbox 401 3949 631 4044; x_wconf 86' lang='lat' dir='ltr'><strong>suspendunt.</strong></span> <span class='ocrx_word' id='word_1_214' title='bbox 659 3950 733 4020; x_wconf 88' lang='lat' dir='ltr'><strong>lloc</strong></span> <span class='ocrx_word' id='word_1_215' title='bbox 756 3950 875 4046; x_wconf 80' lang='lat' dir='ltr'><strong>plures</strong></span> <span class='ocrx_word' id='word_1_216' title='bbox 899 3947 942 4017; x_wconf 83' lang='lat' dir='ltr'><strong>tle</strong></span> <span class='ocrx_word' id='word_1_217' title='bbox 968 3951 1149 4017; x_wconf 83' lang='lat' dir='ltr'><strong>cacumine</strong></span> 
     </span>
    </p>
   </div>
   <div class='ocr_carea' id='block_1_4' title="bbox 91 4063 1147 4275">
    <p class='ocr_par' dir='ltr' id='par_1_4' title="bbox 91 4063 1147 4275">
     <span class='ocr_line' id='line_1_32' title="bbox 91 4063 1146 4162; baseline 0.003 -32"><span class='ocrx_word' id='word_1_218' title='bbox 91 4065 217 4132; x_wconf 85' lang='lat' dir='ltr'><strong>montis</strong></span> <span class='ocrx_word' id='word_1_219' title='bbox 244 4089 326 4133; x_wconf 90' lang='lat' dir='ltr'><strong>cum</strong></span> <span class='ocrx_word' id='word_1_220' title='bbox 350 4068 483 4162; x_wconf 79' lang='lat' dir='ltr'><strong>ingenti</strong></span> <span class='ocrx_word' id='word_1_221' title='bbox 505 4067 586 4137; x_wconf 91' lang='lat' dir='ltr'><strong>lletn</strong></span> <span class='ocrx_word' id='word_1_222' title='bbox 611 4084 646 4135; x_wconf 91' lang='lat' dir='ltr'><strong>et</strong></span> <span class='ocrx_word' id='word_1_223' title='bbox 670 4067 840 4136; x_wconf 75' lang='lat' dir='ltr'><strong>incestitia</strong></span> <span class='ocrx_word' id='word_1_224' title='bbox 859 4063 1068 4147; x_wconf 87' lang='lat' dir='ltr'><strong>cernebant,</strong></span> <span class='ocrx_word' id='word_1_225' title='bbox 1090 4064 1146 4133; x_wconf 83' lang='lat' dir='ltr'><strong>sed</strong></span> 
     </span>
     <span class='ocr_line' id='line_1_33' title="bbox 94 4176 1147 4275; baseline 0.008 -31"><span class='ocrx_word' id='word_1_226' title='bbox 94 4176 172 4248; x_wconf 82' lang='lat' dir='ltr'><strong>bern</strong></span> <span class='ocrx_word' id='word_1_227' title='bbox 187 4208 250 4251; x_wconf 81' lang='lat' dir='ltr'><strong>sun</strong></span> <span class='ocrx_word' id='word_1_228' title='bbox 262 4208 469 4253; x_wconf 82' lang='lat' dir='ltr'><strong>succurrere</strong></span> <span class='ocrx_word' id='word_1_229' title='bbox 484 4213 554 4254; x_wconf 88' lang='lat' dir='ltr'><strong>nnn</strong></span> <span class='ocrx_word' id='word_1_230' title='bbox 571 4184 743 4255; x_wconf 69' lang='lat' dir='ltr'><strong>valebant.</strong></span> <span class='ocrx_word' id='word_1_231' title='bbox 764 4182 897 4258; x_wconf 78' lang='lat' dir='ltr'><strong>Deinde</strong></span> <span class='ocrx_word' id='word_1_232' title='bbox 915 4185 1147 4275; x_wconf 64' lang='lat' dir='ltr'><strong>comprovin—</strong></span> 
     </span>
    </p>
   </div>
   <div class='ocr_carea' id='block_1_5' title="bbox 0 0 1538 5244">
    <p class='ocr_par' dir='ltr' id='par_1_5' title="bbox 0 0 1538 5244">
     <span class='ocr_line' id='line_1_34' title="bbox 0 0 1538 5244; baseline 0 0"><span class='ocrx_word' id='word_1_233' title='bbox 0 0 1538 5244; x_wconf 95' lang='lat' dir='ltr'><strong> </strong></span> 
     </span>
    </p>
   </div>
  </div>
 </body>
</html>
