3016 5242
593 423 711 486 mnan
730 420 918 482 OCTAVUS.
1227 422 1290 485 439

218 572 254 627 et
277 559 375 629 omni
401 556 670 629 conversatione
690 556 854 629 bumana
876 552 1030 657 provide
1056 568 1234 656 temperat
1256 572 1292 629 et

219 674 400 774 disponit,
429 688 468 743 ut
492 677 616 745 omnia
637 690 842 747 mensurate
852 672 955 772 fiunt
963 689 1119 775 propter
1127 672 1291 775 pusilla-

218 793 357 876 nimos,
387 807 420 860 et
447 789 584 888 absque
613 788 963 863 murmurationibus
992 791 1079 861 sint.
1109 788 1291 863 Abbatem

219 932 364 1003 quoque
396 931 619 1004 summopere
635 906 807 977 admonet
833 920 872 977 at
887 912 1047 977 omnium
1065 903 1290 977 imbecillita-

219 1040 290 1094 tem
306 1022 519 1094 consideret.
539 1024 732 1096 Fratribus
750 1024 902 1123 infirmis
917 1041 982 1095 aut
997 1023 1165 1096 delicatis
1181 1023 1291 1095 talem

219 1167 370 1241 operam
392 1141 453 1211 uel
473 1159 585 1213 artem
598 1141 704 1243 jubet
725 1143 892 1242 injungi,
916 1156 957 1212 ut
978 1167 1045 1213 nec
1068 1141 1173 1214 otiosi
1196 1141 1289 1231 sint,

220 1283 288 1328 nec
322 1257 497 1329 uiolentia
525 1259 661 1332 laboris
693 1264 949 1361 opprimantur
973 1275 1007 1331 et
1035 1259 1288 1358 effringantur.

220 1371 367 1444 Paulus
395 1389 429 1443 et
459 1376 665 1463 Antonius,
695 1375 835 1475 aliique
856 1374 1008 1475 plures,
1039 1378 1102 1473 qui
1122 1375 1291 1474 primitus

219 1514 378 1559 eremum
406 1495 655 1589 expetierunt,
672 1505 706 1561 et
728 1494 767 1562 in
792 1489 929 1564 abditis
947 1489 1082 1563 deserti
1101 1490 1192 1562 locis
1210 1516 1292 1564 mo·

219 1605 384 1674 nasteria
407 1603 480 1674 sibi
501 1622 797 1695 construxerunt,
823 1609 952 1678 timore
968 1631 1226 1704 paganorum,
1253 1622 1293 1678 at

219 1746 335 1816 supro
351 1721 486 1792 dictum
504 1741 573 1812 est,
589 1722 678 1794 illuc
692 1722 887 1822 compulsi,
900 1738 1043 1795 arctam
1055 1723 1164 1794 nimis
1177 1726 1291 1793 vitam

219 1837 421 1932 elegerunt,
443 1855 476 1909 et
493 1855 710 1935 cooperante
729 1841 854 1937 gratia
874 1840 963 1926 Dei,
982 1839 1233 1910 necessitatem
1253 1844 1291 1910 ia

219 1954 443 2025 voluntatem
459 1970 798 2027 transmutaverunt.
810 1954 956 2026 Deinde
969 1952 1156 2026 laudabili
1167 1980 1291 2027 eorum

219 2070 388 2169 exemplo
411 2070 615 2142 admodum
637 2073 745 2145 erevit
766 2075 1049 2143 renuntiantium
1066 2070 1203 2143 saeculo
1216 2097 1290 2142 nu-

219 2213 359 2275 merus,
379 2202 412 2258 et
423 2213 495 2286 pro
513 2186 776 2260 diversitatibus·
798 2187 955 2259 locorum
973 2185 1201 2259 nemoribus
1220 2185 1292 2259 bo-

219 2308 357 2374 minum
368 2310 484 2376 variis
497 2307 643 2377 incessit
656 2302 957 2377 institutionibus.
973 2303 1051 2375 Sed
1060 2308 1099 2375 in
1114 2330 1188 2375 una
1190 2303 1289 2402 fide,

220 2439 259 2491 ut
272 2420 362 2492 dicit
379 2421 576 2519 Gregorius
591 2424 703 2522 Papa
712 2478 724 2511 ,
735 2420 830 2493 nibil
842 2420 948 2518 efficit
961 2440 1099 2493 sanctie
1108 2422 1146 2493 E
1147 2421 1291 2494 cctesiae

217 2538 443 2610 consuetudo
460 2539 611 2610 eliocrsa.
630 2542 779 2638 Magna
790 2564 882 2640 pars
900 2536 1086 2610 bominum
1102 2542 1141 2610 in
1154 2538 1291 2611 calidis

217 2655 426 2753 regionibus
452 2672 551 2727 earet
566 2653 831 2753 femoralibus,
859 2661 1059 2756 tunicisque
1072 2652 1228 2756 fruitur,
1250 2674 1292 2730 ut

217 2774 405 2862 mulieres,
427 2774 527 2845 lascis
546 2791 580 2845 et
597 2773 787 2848 talaribus.
808 2774 975 2872 Quorum
990 2773 1292 2846 consuetudinem

217 2917 292 2962 non
312 2890 493 2980 abhorret,
516 2892 584 2963 sed
599 2892 830 2991 amplectitur
848 2893 933 2964 inde
946 2907 1198 2993 propagatus,
1219 2890 1291 2963 ibi-

216 3034 290 3106 que
301 3012 512 3098 eonsistens,
522 3011 776 3085 monachorum
788 3037 937 3084 cuneus.
947 3011 1019 3083 Ast
1030 3036 1148 3083 omnes
1156 3012 1293 3112 populi

217 3124 361 3197 braccis
385 3143 535 3197 utuntur
550 3130 589 3198 in
605 3127 762 3200 occiduo
780 3127 944 3213 climate,
963 3128 1110 3215 aeaeis,
1132 3142 1209 3199 tom
1217 3153 1290 3229 pm

201 3243 372 3343 frigore,
396 3272 506 3343 qaam
525 3272 588 3343 pro
613 3245 812 3334 dedecore,
831 3262 964 3317 norunt
988 3269 1123 3316 carere.
1147 3244 1290 3342 Quibus

214 3388 287 3460 pro
304 3365 440 3451 causis,
456 3363 552 3433 idem
569 3390 647 3435 mos
662 3369 764 3434 estin
775 3380 896 3434 nostro
909 3360 1048 3434 ordine.
1065 3362 1149 3433 Nee
1161 3362 1285 3451 illurn,

217 3484 284 3577 qui
300 3479 403 3549 utilis
420 3496 453 3550 et
470 3482 641 3552 bonestus
658 3495 728 3569 est,
747 3479 916 3551 volamus
933 3477 1148 3577 relinquere.
1165 3476 1232 3551 Sic
1244 3480 1292 3551 de

216 3597 385 3668 omnibus
411 3598 495 3668 aliis
517 3597 755 3670 rationabiles
778 3622 913 3668 causas
936 3595 1040 3668 nobis
1063 3597 1292 3669 tradiderunt

218 3715 351 3785 eruditi
371 3716 555 3802 doctores,
579 3718 644 3815 qui
661 3742 726 3787 nos
747 3717 785 3785 in
807 3740 913 3787 sacro
931 3714 1112 3788 schemate
1124 3740 1290 3817 proeces-

217 3850 353 3903 serunt.
387 3836 433 3904 ln
457 3834 574 3905 ltalia
605 3852 639 3905 et
667 3833 877 3906 Pala‘stina
906 3850 940 3904 et
972 3832 1060 3906 aliis
1082 3831 1292 3929 regionibus·

219 3951 454 4048 quibusdam,
468 3958 560 4023 satis
572 3952 765 4024 abundant
776 3953 894 4041 olime,
910 3948 1149 4051 eujussruetu
1164 3950 1288 4041 ditati,

218 4068 275 4138 ari
292 4069 449 4139 diuersos
467 4098 547 4142 esus
575 4070 799 4161 condiendos
817 4097 888 4142 non
907 4071 1075 4168 indigent
1090 4071 1289 4167 sagionum

219 4187 320 4284 qnod
335 4187 437 4258 nobis
463 4187 521 4259 liic
546 4189 738 4262 clementer
762 4204 1057 4276 concessumst,
1085 4186 1289 4260 carentibus
