3016 5242
223 420 285 481 ssa
489 412 675 477 nrsronn
695 410 1006 473 nocturnum.
1028 414 1196 491 [mun
1209 413 1297 489 toas}

225 547 393 623 tiochiam
411 549 584 620 servitum
601 546 657 618 vel
671 569 804 617 venum
820 541 965 616 deducti
980 557 1088 631 sunt;
1105 558 1147 614 et
1161 567 1294 631 omnes,

223 667 271 738 ita
285 664 414 764 opibus
426 690 554 738 eorum
565 662 734 760 direptis,
747 659 1018 759 dissipatisunt.
1033 657 1171 732 Franci
1185 676 1296 733 autem

222 785 355 857 morati
376 798 461 857 sunt
477 783 516 856 in
531 781 654 855 eadem
678 778 769 853 urbe
783 802 946 852 mensem
963 778 1157 876 integrum
1177 792 1214 850 et
1228 775 1298 849 dies

223 916 310 973 tres.

273 1015 327 1089 lbi
352 1016 510 1089 Oriensis
533 1016 719 1114 episcopus
748 1014 764 1112 (
772 1014 804 1112 t)
833 1011 1036 1087 infirmatus
1051 1038 1073 1085 a
1090 1012 1298 1111 superisre»

224 1133 348 1223 cessit,
381 1148 418 1205 et
447 1131 492 1204 ad
520 1156 668 1229 superos
702 1127 871 1202 evolavit.
902 1128 1007 1204 Tunc
1036 1128 1152 1201 sames
1187 1128 1296 1200 salida

222 1252 396 1323 exercitui
412 1250 606 1348 surrepsit,
620 1265 658 1322 ct
670 1245 871 1348 quemlibet
884 1245 1090 1335 inhonesta,
1104 1247 1167 1319 vel
1180 1247 1298 1319 incon·

223 1384 339 1457 sueta,
372 1370 429 1441 vel
456 1385 616 1455 austera,
647 1367 704 1439 vel
733 1366 859 1438 illicita
890 1363 1063 1438 dentibus
1098 1364 1298 1439 infastiditis

223 1485 401 1585 attingere
419 1485 551 1584 coegit.
570 1485 674 1557 Tunc
695 1483 802 1556 etiam
823 1482 982 1555 turcinas
1001 1506 1135 1555 carnes
1155 1480 1295 1583 quidam

224 1601 461 1675 comederunt
480 1630 489 1675 :
506 1599 605 1701 quod
620 1602 774 1700 majores
784 1615 879 1677 natu
887 1614 924 1672 et
937 1597 1170 1673 honestiores
1182 1614 1227 1671 nt
1238 1624 1297 1670 au-

223 1716 392 1805 dierunt,
410 1717 661 1793 erubescentes
678 1717 882 1797 contristati
908 1710 1013 1807 subu
1032 1715 1098 1789 sed
1126 1716 1295 1791 ultionem

224 1860 303 1932 prae
328 1835 439 1906 nimia
464 1836 557 1908 same
580 1834 845 1932 suspenderunt
860 1835 928 1932 (a).
943 1832 1030 1907 Non
1048 1833 1154 1907 enim
1169 1833 1223 1905 eis
1239 1856 1296 1929 pm

225 1952 387 2025 maximo
410 1952 543 2025 scelere
569 1950 828 2049 imputabatur,
846 1951 929 2051 quia
946 1975 1017 2049 pro
1038 1949 1122 2025 Deo
1137 1949 1297 2022 alacriter

226 2084 362 2141 tantam
377 2070 509 2142 samem
524 2067 766 2168 patiebantur,
784 2084 822 2140 et
834 2068 989 2141 inimicis
1004 2066 1071 2141 Dei
1085 2064 1297 2141 dentibuset

226 2187 392 2259 manibus
423 2187 714 2261 inimicabantur.
741 2184 936 2261 Patrabant
959 2183 1134 2285 equidem
1158 2182 1295 2271 illium

226 2303 288 2377 sed
316 2306 431 2405 legem
451 2307 577 2380 violari
604 2304 844 2403 compellebat
868 2304 1058 2379 necessitas
1082 2302 1294 2404 angrutiott.

226 2420 352 2494 Fames
368 2424 467 2495 enim
489 2424 676 2496 castrensis
703 2423 824 2495 omnia
847 2422 1005 2520 appetit,
1030 2418 1128 2493 nibil
1151 2419 1294 2519 respuit

226 2536 380 2631 Quidam
412 2565 566 2638 corpora
590 2540 796 2613 Turcorum
823 2536 1027 2623 findebant,
1056 2536 1240 2638 quoniam
1265 2536 1294 2607 in

226 2680 356 2729 eorum
384 2655 598 2755 corporibus
626 2655 816 2755 byzanteos
846 2653 1084 2759 inveniebant
1108 2669 1149 2729 et
1177 2676 1295 2727 autum

226 2772 326 2872 quod
354 2773 569 2872 glutierant,
592 2790 629 2847 et
655 2773 742 2846 illud
769 2772 957 2847 tollebant.
983 2771 1161 2872 Plerique
1188 2786 1295 2844 autem

225 2889 317 2963 same
337 2889 531 2986 praevalida
556 2887 605 2960 ibi
623 2890 825 2987 perierunt.
845 2888 901 2962 lbi
927 2912 1100 2987 proceres
1121 2882 1298 2961 denmde

258 3221 298 3290 (ι)
311 3217 487 3287 Guillaume,
509 3219 632 3291 premier
650 3218 689 3274 du
711 3238 792 3292 nom,
812 3222 917 3297 eveque
932 3220 1080 3296 d’Orange
1096 3232 1129 3279 et
1144 3222 1298 3297 vioe-legat.

224 3310 262 3364 Le
273 3310 395 3364 mauvais
408 3310 458 3381 jeu
470 3310 507 3365 de
518 3321 591 3365 mets
603 3312 651 3386 qui
669 3312 739 3380 suit,
757 3312 945 3387 n’appartient
956 3329 1005 3386 pat
1018 3330 1055 3369 en
1069 3331 1182 3389 propre
1196 3318 1213 3370 ἂ
1227 3324 1299 3369 noue

223 3410 334 3467 auteur,
349 3401 419 3455 mais
430 3402 446 3454 t
459 3400 572 3455 Bandri.
589 3402 625 3455 La
639 3412 714 3457 mort
725 3400 761 3457 de
773 3420 805 3457 oe
818 3402 907 3475 prelat
919 3404 1009 3457 arrivs
1023 3400 1050 3457 le
1062 3418 1081 3457 a
1093 3402 1259 3461 decembre.

259 3493 298 3561 (a)
312 3492 374 3545 Alii
387 3511 455 3546 vero
469 3490 618 3547 credebant
632 3511 732 3549 rames
748 3512 844 3548 eorum
859 3511 912 3564 per
918 3491 1036 3566 frusta,
1049 3502 1081 3547 et
1091 3490 1300 3567 eoquebntd

222 3580 458 3637 manducandum.
480 3582 557 3638 Petr.
578 3582 689 3640 Tudeb.
710 3584 773 3639 Atti
786 3592 881 3639 autem
897 3582 1052 3655 portabant
1063 3582 1110 3639 ad
1120 3584 1253 3657 plateam
1265 3582 1302 3641 ad

221 3670 412 3727 vendendum.
428 3670 496 3725 Belli
513 3671 591 3727 Sacri
604 3673 680 3727 Hist.
696 3672 773 3730 Nam
789 3674 942 3730 Christiani
950 3692 1008 3729 non
1020 3674 1118 3730 solum
1133 3676 1249 3733 Tatnos
1258 3674 1302 3731 vel

222 3763 393 3818 Sarracenos
405 3764 528 3829 occisos,
542 3736 737 3819 veruti-etiam
747 3784 833 3820 canes
844 3774 971 3837 arreptos
983 3774 1014 3821 et
1026 3766 1094 3837 igni
1101 3776 1204 3823 coctos
1215 3786 1301 3825 cone·

219 3852 286 3906 dere
298 3872 354 3907 non
372 3851 580 3906 abhorruerunt
589 3872 651 3924 prce
668 3856 771 3925 aianpr'a.
788 3854 853 3910 Alb.
870 3856 924 3931 Aq.
945 3856 996 3911 Les
1010 3855 1115 3913 deuiis
1128 3856 1245 3915 donnds
1256 3876 1301 3933 par

219 3943 309 3997 Raoul
320 3943 356 3996 ‹le
368 3944 442 3997 Cacn
456 3952 519 3997 sont
535 3961 636 3997 encore
652 3945 714 4016 plus
728 3944 892 4013 revoltants,
907 3957 936 4001 ct
949 3958 1031 4003 notre
1046 3946 1150 4021 plume
1166 3968 1200 4005 se
1215 3950 1301 4006 reson

217 4034 232 4082 'a
247 4030 285 4084 les
297 4032 454 4086 transcrirc.
468 4032 549 4085 Cettc
561 4032 664 4086 famine
679 4033 767 4106 parait
778 4036 855 4089 avoir
866 4038 911 4090 ete'
923 4034 949 4088 le
962 4034 1081 4091 resultat
1094 4038 1134 4093 de
1147 4038 1247 4113 plaia
1257 4056 1301 4093 cr·

215 4119 345 4187 cessivss,
355 4120 404 4192 qui
417 4119 613 4193 suspenditent
622 4120 662 4176 les
671 4124 931 4186 communications.
942 4133 972 4179 et
981 4122 1066 4179 fioent
1076 4128 1202 4199 potrrrir
1214 4136 1302 4185 tonte

111 4264 115 4271 Ι
217 4203 255 4257 tes
269 4207 433 4275 provisions.
