3046 5244
340 423 400 485 408
616 418 800 480 lllSTOllll
823 416 1129 478 uccuuttsstles.
1300 416 1411 497 [1096]

341 554 501 655 ignovit,
522 567 559 625 et
576 552 791 650 promissum
810 547 933 622 avidus
953 548 1166 648 expectavit.
1185 544 1411 621 Gislebertus

337 673 388 747 sit
404 702 414 745 s
429 671 524 745 Siste
531 669 682 773 pedem,
697 696 833 769 quoeso,
856 695 925 741 rex
940 667 1087 755 nobilis,
1104 684 1138 739 et
1149 666 1248 740 hone
1259 666 1407 753 silvam,

287 836 293 847 ·
338 815 422 889 quse
439 803 606 859 centenos
624 803 695 876 est,
715 812 760 857 ne
773 784 1003 883 ingrediaris.
1023 785 1152 857 Hostes
1164 788 1260 857 euim
1277 784 1357 857 illic
1371 786 1411 855 in

338 910 450 979 armis
469 907 598 1006 parati
612 904 882 1005 prestolantur,
901 908 965 1003 qui
981 921 1015 976 te
1035 928 1134 976 uisne
1145 903 1326 1003 jrsgulare
1343 928 1411 975 co-

337 1039 485 1094 nantur.
506 1021 641 1093 Contra
654 1037 688 1092 te
701 1022 1005 1120 conspirationem
1009 1019 1177 1118 fecimus
1184 1074 1196 1107 ,
1212 1035 1246 1090 et
1259 1034 1409 1091 mortem

338 1156 438 1211 tuom
450 1136 699 1236 jurejurando
718 1136 919 1209 rnuclsirsots'
935 1164 1074 1209 sumus.
1103 1135 1167 1207 llis
1183 1132 1327 1225 auditis,
1345 1158 1410 1209 rex

337 1253 514 1343 substitit,
541 1270 578 1326 et
601 1255 751 1352 praelato
777 1252 915 1327 barone
939 1252 1138 1341 indiesnte,
1164 1268 1257 1354 quot
1283 1254 1410 1355 etqui

336 1370 480 1445 luerunt
497 1368 723 1469 proditores,
744 1372 906 1469 agnovit.

386 1488 524 1563 Delusis
548 1489 667 1589 itaque
691 1489 847 1579 sicariis,
871 1491 932 1589 qui
960 1514 1082 1589 regem
1106 1486 1271 1562 occidere
1290 1487 1409 1562 moliti

337 1621 422 1680 sunt
432 1661 444 1695 ,
479 1622 626 1679 armatae
658 1605 852 1705 phalanges
886 1631 1058 1706 prospere
1090 1604 1167 1679 loca
1199 1602 1410 1678 insidiarum

337 1723 645 1822 pertransierunt,
661 1739 698 1796 et
713 1723 993 1795 munitissimum
1011 1738 1189 1809 castrum,
1206 1720 1304 1823 quod
1321 1719 1412 1793 Bab·

336 1836 504 1937 honburg
533 1836 666 1911 dicitur
696 1840 771 1935 (r),
803 1836 1037 1911 obsederunt.
1070 1836 1118 1908 Et
1145 1837 1319 1937 quoniam
1349 1835 1409 1909 ills

336 1956 495 2031 munitio
514 1955 802 2057 inexpugnabilis
820 1972 918 2046 erat,
937 1957 1021 2057 quia
1041 1954 1291 2029 inaccessibilis
1306 1952 1411 2027 vide-

337 2072 446 2147 batur
460 2091 611 2174 propter
627 2074 774 2175 paludes
788 2092 824 2147 et
839 2102 947 2176 aquas
956 2131 967 2164 ,
987 2091 1023 2147 et
1038 2075 1106 2147 alia
1119 2072 1284 2175 quaedam
1303 2072 1410 2147 itine-

338 2192 503 2267 rantibus
532 2194 734 2283 contraria,
760 2192 891 2295 quibus
915 2191 1163 2281 ambiebatur,
1189 2218 1253 2267 rex
1277 2216 1409 2267 novam

336 2310 578 2386 munitionem
593 2310 636 2383 ad
650 2309 891 2384 defensionem
906 2310 1105 2409 provinciae
1114 2364 1125 2399 ,
1143 2325 1181 2383 et
1196 2308 1409 2384 coarctatio·

336 2452 424 2501 uem
440 2424 599 2502 bostium
616 2429 838 2514 construxit,
864 2443 901 2499 et
923 2424 1118 2513 militibus,
1144 2426 1256 2499 armis
1271 2452 1313 2497 ac
1330 2422 1410 2497 vic·

337 2541 492 2615 tualibus
514 2542 688 2641 implevit.
707 2542 848 2616 Conscii
867 2558 988 2616 autem
1009 2538 1169 2640 perlidioe
1193 2557 1229 2613 et
1251 2540 1408 2613 fautores

336 2683 465 2733 eorum
475 2714 486 2747 ,
505 2657 622 2759 detegi
640 2676 817 2748 verentes,
837 2661 1112 2747 conticuerunt,
1128 2674 1166 2731 et
1181 2674 1281 2732 metu
1296 2682 1410 2733 exan-

335 2801 440 2875 gues,
467 2776 551 2876 quia
575 2793 723 2849 conatus
747 2803 828 2849 suos
854 2775 943 2850 nihil
971 2778 1092 2850 valere
1115 2776 1407 2876 perpenderunt,

335 2893 443 2992 regiis
460 2889 671 2965 eohortibus
694 2894 867 2983 immixti,
887 2895 961 2993 ejus
979 2894 1187 2982 seruitium,
1210 2896 1311 2995 cujus
1327 2892 1410 2969 exi·

336 3011 427 3083 tium
440 3027 669 3108 optaverant,
685 3028 854 3111 prompte
870 3014 1023 3112 aggressi
1039 3030 1136 3086 sunt.
1152 3013 1308 3103 luteres,
1321 3010 1409 3087 dum

334 3152 399 3201 rex
417 3129 580 3200 inarmis
598 3154 680 3201 cum
697 3127 901 3228 agminibus
917 3131 988 3202 suis
1003 3128 1046 3203 ad
1065 3129 1201 3204 bellum
1219 3146 1412 3231 promptus

333 3261 533 3335 constaret,
550 3263 587 3319 et
602 3245 817 3319 chiliarchos
833 3274 874 3318 ac
888 3250 1137 3335 centuriones,
1152 3246 1312 3349 aliosque
1326 3272 1410 3346 pto·

333 3386 431 3437 otrus
449 3363 630 3453 Albionis‚
646 3391 729 3437 cum
741 3363 892 3437 subditis
907 3363 974 3436 sibi
990 3362 1170 3464 plebibus,
1186 3364 1288 3464 operi
1302 3388 1409 3437 nove

333 3482 546 3556 munitionis
558 3482 801 3556 indesinenter
812 3485 973 3556 insistere
987 3483 1235 3582 compelleret,
1247 3480 1411 3557 liodber-

334 3614 391 3673 tus
403 3598 448 3672 de
461 3603 742 3701 propugnaculis
754 3601 826 3675 suis
838 3603 1063 3675 contrarium
1076 3602 1143 3675 sibi
1157 3628 1248 3703 opus
1258 3616 1410 3676 moestu

332 3718 593 3818 conspiciebat,
619 3738 655 3793 et
676 3722 869 3820 complices
889 3746 970 3793 suos
991 3720 1061 3793 alta
1085 3744 1173 3793 soce
1193 3720 1409 3796 nominatim

332 3835 590 3935 compellebat,
612 3854 707 3909 aeut
727 3836 977 3935 jusjurandum
993 3835 1038 3909 de
1061 3836 1277 3936 proditionis
1292 3836 1408 3911 socie-

335 3968 405 4028 tate
425 3973 704 4044 ‹ornnes-arent,
733 3958 848 4056 palum
878 3956 1146 4032 comsstoncbnt.
1171 3958 1244 4031 llex
1267 3970 1405 4037 autem.

637 4124 753 4136 —-—·-.
774 4128 777 4133 .

368 4214 391 4275 (s
422 4212 614 4277 llsmlu··⁰¹¹-'.l¹
