3046 5244
228 413 336 492 [root]
598 406 716 469 rursu
737 406 925 469 ocrsvus.
1235 416 1294 479 ιη

228 538 381 641 nigredo
401 556 438 611 et
460 539 659 612 scintillans
677 540 769 638 ignis
788 540 824 613 in
841 541 892 614 eis
908 539 1111 617 videbatur.
1131 545 1298 623 Maximis

225 684 353 735 omnes
377 658 477 757 equis
505 655 724 745 insidebant,
754 673 791 729 et
816 657 985 731 omnibus
1011 662 1122 732 armis
1147 667 1295 755 armati,
1358 722 1363 731 .

226 776 384 853 velutad
399 776 535 849 bellum
556 774 788 863 festinabant,
808 793 846 850 et
859 777 1054 877 nigerrima
1075 780 1204 853 vexilla
1217 807 1299 885 ges·

227 894 368 970 tabant.
389 893 442 966 lbi
462 891 634 966 Ricardus
655 909 692 966 et
708 892 921 982 Balduinus,
942 892 1006 967 lilii
1024 894 1217 970 Gisleberti
1234 924 1300 973 co-

228 1013 326 1085 mitis
338 1013 369 1109 (r
379 1012 412 1105 l,
427 1010 489 1111 qui
504 1036 621 1107 nuper
633 1009 821 1099 obierant,
836 1011 901 1083 visi
914 1014 1031 1103 fuere,
1048 1029 1085 1085 et
1097 1012 1157 1085 alii
1172 1014 1298 1106 multi,

227 1155 320 1231 quos
336 1156 410 1202 non
426 1154 569 1227 possum
592 1151 820 1200 enumerare.
840 1128 939 1203 lnter
960 1129 1121 1231 reliquos
1142 1128 1301 1205 Laudri-

230 1276 291 1321 cus
314 1246 557 1334 de01·bccc0',
581 1248 642 1347 qui
664 1244 793 1319 eodem
813 1272 911 1320 anno
935 1264 1144 1347 peremptus
1163 1249 1299 1341 fuerat,

229 1366 481 1467 presbyterum
498 1366 632 1465 alloqui
650 1366 784 1465 coepit,
799 1367 905 1467 eique
917 1366 1113 1465 legationes
1126 1394 1205 1441 suas
1220 1367 1304 1442 hor·

230 1482 389 1555 ribilitcr
417 1479 646 1556 uociferando
679 1481 878 1569 intimavit,
911 1508 954 1557 ac
977 1498 1021 1555 ut
1049 1481 1216 1557 mandata
1240 1510 1302 1557 sua

230 1597 336 1672 uxori
350 1625 423 1671 suae
438 1597 607 1684 referret,
622 1620 852 1696 summopere
867 1597 1023 1696 rogavit.
1041 1596 1304 1699 subsequentes

230 1730 350 1787 autem
368 1730 517 1800 turrnae,
532 1728 570 1785 et
583 1739 665 1813 quae
682 1710 955 1812 praecedebant,
979 1710 1090 1785 verba
1103 1715 1177 1812 ejus
1192 1714 1304 1787 inter·

230 1830 434 1930 rumpendo
448 1829 704 1929 impediebant,
720 1828 1180 1931 presbyteroquedieebant
1192 1859 1201 1902 ι
1214 1830 1307 1904 Noli

230 1952 378 2024 eredere
390 1950 587 2035 Landrico,
606 1952 694 2050 quio
707 1950 870 2022 nzerrdur
883 1968 950 2023 est.
965 1949 1033 2021 llic
1045 1946 1196 2023 Orbecci
1210 1949 1306 2022 viee-

229 2095 350 2143 comes
366 2084 403 2141 et
419 2066 614 2141 causidicus
630 2066 765 2154 fuerat,
785 2082 822 2140 et
839 2067 933 2140 ultra
953 2067 1088 2139 natales
1101 2092 1183 2141 suos
1202 2066 1307 2169 iuge-

232 2187 294 2263 nio
304 2203 340 2258 et
350 2185 530 2283 probitate
538 2182 731 2256 admodum
739 2198 962 2258 excreverat.
976 2183 1017 2255 lu
1027 2184 1180 2284 negotiis
1189 2183 1308 2283 etpla-

230 2302 311 2374 citis
324 2300 367 2374 ad
383 2301 527 2374 libitum
537 2298 738 2400 judicabat,
758 2316 793 2373 et
808 2325 878 2398 pro
891 2301 1100 2400 acceptioue
1113 2325 1307 2375 munerum

227 2416 360 2516 judicia
386 2415 635 2516 pervertebat,
657 2415 842 2517 magisque
865 2412 1053 2516 cupiditati
1080 2431 1118 2489 et
1140 2415 1305 2505 falsitati,

231 2560 341 2635 quam
355 2533 562 2608 rectitudini
581 2533 774 2608 serviebat.
794 2532 899 2607 Unde
918 2534 1053 2607 merito
1071 2533 1107 2607 iu
1121 2534 1307 2633 suppliciis

232 2655 390 2754 turpiter
410 2654 596 2726 devotatus
611 2669 683 2742 est,
707 2669 780 2726 eta
801 2651 1040 2752 eomplicibus
1056 2651 1128 2724 suis
1150 2652 1307 2727 mendax

232 2773 416 2844 manifeste
430 2770 628 2870 appellatus
639 2786 706 2844 est.
724 2772 766 2844 ln
780 2769 849 2845 hoc
861 2770 1025 2843 examine
1044 2768 1165 2842 nullus
1182 2769 1214 2841 ei
1226 2766 1309 2841 adu·

233 2885 387 2973 labatur,
416 2913 480 2959 nec
504 2887 685 2985 ingeniosa
707 2886 923 2987 loquacitate
938 2911 1000 2957 sua
1022 2885 1053 2957 ei
1074 2884 1204 2984 aliquis
1224 2907 1307 2981 pre·

232 3002 395 3075 eabatnr.
419 3003 448 3074 V
451 3030 573 3091 erum,
593 3005 676 3103 quia
688 3002 775 3075 dum
790 3019 932 3102 poterat
944 3027 1048 3075 aures
1063 3027 1142 3074 suas
1163 2998 1209 3073 ad
1229 3001 1308 3075 ela-

233 3148 351 3193 mores
376 3125 543 3220 pauperis
563 3122 736 3196 obturare
760 3123 885 3196 solitus
910 3138 982 3211 est,
1009 3149 1107 3195 nuuc
1123 3138 1245 3195 autem
1270 3122 1308 3192 in

235 3241 437 3326 tormentis,
457 3257 498 3311 ut
511 3240 734 3328 execrabilis,
749 3239 873 3313 auditu
888 3240 1070 3339 indignus,
1086 3241 1239 3312 omnino
1249 3240 1307 3337 ju-

232 3354 369 3428 dicatus
384 3374 447 3429 est.
466 3357 722 3430 Gualchelmus
739 3373 877 3444 autern,
899 3375 1088 3457 postquam
1105 3356 1308 3427 multorum

233 3476 390 3548 militurn
413 3478 538 3574 ingens
560 3475 689 3548 eoltors
711 3477 938 3575 pertransiit,
964 3477 1058 3549 iutra
1076 3474 1308 3573 semetipsum

233 3590 283 3662 sic
294 3593 454 3689 cogitare
467 3595 580 3690 eoepit
596 3622 604 3663 :
622 3594 715 3664 11(ιό
723 3597 801 3663 sine
813 3591 926 3664 durbia
925 3591 1082 3691 familia
1097 3588 1310 3689 Herlecltini

233 3726 286 3781 est
300 3712 376 3805 (2);
398 3738 422 3780 u
446 3710 569 3781 nudtis
594 3738 676 3781 eum
696 3710 783 3782 olim
805 3714 924 3783 visum
941 3710 1088 3797 uredivi‚·
1104 3710 1173 3782 sed
1187 3714 1306 3779 iucre-

241 3908 392 3919 ———-—-
406 3914 410 3918 .
483 3914 493 3919 -
545 3914 625 3921 *n
644 3914 839 3922 ...-.--

268 4026 306 4095 (r)
322 4025 444 4080 llirbard
459 4027 493 4080 ‹le
508 4028 643 4083 Rieufaite
656 4040 684 4084 et
700 4027 844 4083 baudouiu
856 4027 892 4081 de
907 4027 1027 4091 lleules,
1043 4026 1086 4081 fils
1099 4025 1134 4081 de
1149 4023 1303 4087 Gislebert,

235 4127 326 4168 comte
338 4117 372 4170 tle
387 4119 517 4172 lleiouue.

269 4208 307 4273 (a)
330 4209 403 4261 (J'est
424 4229 454 4262 ec
475 4211 558 4282 qu'on
581 4209 688 4281 appelle
708 4226 809 4263 encore
830 4208 899 4264 (lans
916 4226 966 4264 tros
986 4224 1151 4281 campagnes
1168 4204 1193 4259 la
1211 4205 1307 4258 chasse
