3046 5244
574 546 577 550 -
611 500 727 568 LIBER
747 504 905 570 SEXTUS.

366 638 494 696 helesin
502 638 574 694 natis
583 636 662 693 dedit
673 636 828 711 eaerupluru
841 637 983 694 boniutia.

363 731 492 804 Denique
503 726 656 784 Jerusalem
668 728 833 802 peregrinus
845 744 962 803 pergere
975 731 1068 804 eoepit.

363 820 398 875 ln
410 819 505 892 Cypro
516 819 576 874 vite
589 817 673 874 finem
684 816 883 893 tumulumque
895 819 1009 893 recepit.

364 906 473 964 Ultima
484 905 555 964 vidit
566 926 631 963 eum
642 907 770 984 quintilis
783 907 821 980 (r)
838 907 884 964 lux
899 909 1078 978 morientem,

362 999 457 1071 Quem
469 999 560 1055 foveat
573 998 703 1056 urrisu·
717 999 804 1072 patris
816 1000 846 1054 in
859 999 982 1055 thalamo
994 1001 1172 1056 renitentem.

270 1134 460 1208 Uticenses
471 1131 638 1206 monachi
653 1156 783 1232 eorpus
799 1134 946 1232 patroni
961 1132 1013 1207 sui
1028 1161 1102 1209 non
1115 1160 1153 1208 se
1167 1122 1298 1209 habere

227 1248 440 1340 doluerunt,
459 1264 496 1322 et
514 1247 697 1350 quomodo
713 1247 780 1322 sibi
805 1247 1017 1324 redderetur
1037 1250 1160 1324 multis
1181 1250 1297 1327 modis

227 1369 447 1470 quesierunt
455 1422 466 1460 ,
484 1391 551 1440 nec
573 1365 688 1440 adhuc
715 1367 909 1467 impetrare
936 1368 1218 1468 praevaluerunt.
1249 1366 1298 1441 Et

226 1485 399 1587 qnoniam
411 1497 529 1556 totum
542 1479 756 1557 desiderium
769 1508 873 1557 snum
886 1508 993 1585 super
1005 1483 1070 1559 hac
1082 1512 1123 1558 re
1135 1482 1299 1560 nondum

228 1600 488 1701 impleverunt,
502 1600 578 1698 jam
593 1599 715 1698 plures
731 1598 900 1701 reliquias
915 1598 1064 1675 diversis
1080 1599 1199 1677 modis
1215 1626 1301 1701 pro·

227 1733 466 1806 cnmremnt,
501 1717 678 1818 variisque
707 1714 930 1816 temporibus
960 1720 1101 1794 favente
1129 1719 1205 1792 Deo
1239 1742 1298 1792 re-

228 1833 424 1911 duxerunt.

271 1953 411 2040 Falco,
438 1953 652 2052 praepositus
678 1948 857 2026 Uticensis
880 1950 1057 2040 ecclesiae,
1086 1952 1149 2052 qui
1177 1967 1300 2051 postea

229 2070 390 2144 [lirensis
415 2067 525 2141 abbas
550 2070 662 2142 lactus
689 2084 764 2158 est,
793 2096 812 2140 a
841 2067 1038 2143 Guillelmo
1066 2064 1190 2144 Notho
1215 2092 1300 2170 rege

231 2187 437 2289 Anglornm
450 2184 493 2259 ad
506 2186 651 2261 Bertam
668 2187 885 2260 comitissam
902 2185 957 2284 (a)
973 2211 1043 2285 pro
1059 2186 1207 2285 privatis
1223 2212 1303 2259 cau·

231 2305 272 2379 ais
290 2307 328 2378 in
346 2304 508 2404 brigiam
524 2305 580 2402 (ὃ)
597 2305 725 2377 missus
740 2318 805 2377 est.
824 2304 929 2377 Tunc
945 2328 1012 2403 per
1028 2301 1222 2403 quemdam
1240 2328 1303 2376 ca·

231 2421 412 2521 pellanum
453 2421 644 2495 comitissae
685 2423 823 2523 (quem
861 2421 1009 2494 natione
1048 2418 1301 2493 Normannum

231 2537 541 2640 cognovit),qnia
565 2536 749 2610 familiaris
764 2537 922 2612 ecclesie
946 2533 1177 2610 Resbaceusis
1202 2552 1299 2624 erat,

231 2654 373 2731 dentem
385 2658 497 2731 saneti
511 2654 655 2730 Ebrulli
668 2653 844 2746 obtinuit,
861 2682 902 2730 ac
915 2654 960 2728 ad
972 2654 1179 2729 Uticensem
1192 2654 1303 2729 eccle-

232 2775 315 2847 siam
332 2799 498 2847 remeans
514 2772 751 2873 gaudentibus
767 2775 906 2848 cunctis
919 2772 1055 2847 attulit.

274 2893 308 2990 [r
322 2891 422 2965 ster
438 2891 534 2991 137.]
553 2889 741 2993 Regnante
758 2890 941 2967 Ludovico
961 2917 1045 2991 rege
1063 2894 1133 2989 (4),
1155 2890 1303 2992 quidam

234 3010 423 3082 eanonicus
439 3009 589 3083 nomine
602 3009 794 3086 Fnlbertus
807 3009 961 3083 Parisius
974 3021 1069 3096 erat,
1085 3014 1146 3109 qui
1160 3035 1201 3082 os
1214 3011 1304 3083 inte·

234 3151 334 3225 grum
346 3124 392 3199 de
406 3127 506 3225 spina
523 3128 560 3199 S.
573 3125 716 3201 Ebrulli
735 3123 906 3215 habebat,
922 3124 1021 3228 quod
1039 3125 1242 3226 capellanus
1258 3122 1302 3199 de

235 3244 362 3342 capella
372 3244 518 3316 Henrici
527 3244 850 3344 regisFrancornm
858 3243 1098 3332 subtraxerat,
1108 3245 1304 3345 eiquejarn·

1186 3404 1296 3418 ἡ

264 3485 302 3554 (ι)
318 3485 359 3540 (⁸ae
370 3485 413 3540 lut
427 3485 587 3541 reellernent
601 3485 627 3541 le
644 3499 676 3540 ι’*
686 3487 766 3554 acuit,
784 3505 893 3542 comme
907 3497 987 3542 notre
999 3498 1101 3542 auteur
1113 3487 1188 3543 vient
1202 3507 1303 3545 encore

238 3573 267 3628 de
278 3575 302 3629 le
313 3575 390 3641 dire,
404 3587 432 3630 et
445 3593 500 3630 uon
516 3575 540 3631 le
552 3575 583 3632 31
598 3575 707 3649 juillet,
720 3595 775 3651 que
788 3587 902 3633 mourut
915 3577 942 3632 le
954 3577 1027 3632 saint
1039 3576 1119 3632 abbe.

266 3664 303 3733 (a)
315 3663 393 3718 lions
408 3683 443 3718 ne
457 3682 579 3736 pouvona
591 3666 682 3720 cmire
696 3685 752 3741 que
763 3677 842 3722 notre
855 3677 956 3722 auteur
965 3666 1004 3720 ail
1015 3664 1099 3721 vonlu
1114 3666 1207 3740 parler
1219 3669 1256 3723 ici
1269 3668 1304 3724 ‹le

240 3748 311 3807 bute
329 3752 366 3807 de
383 3754 579 3827 champagne,
599 3755 713 3810 d'abord
730 3754 865 3812 duchesne
879 3758 915 3812 de
923 3744 1079 3830 bretagne,
1094 3758 1157 3830 puis
1171 3768 1304 3813 comtesse

240 3838 271 3894 dn
284 3843 383 3898 blaine.
402 3846 497 3916 Voyez
509 3846 656 3914 cidessus,
672 3858 746 3903 tome
756 3850 798 3914 ll,
814 3867 841 3921 p.
855 3846 918 3922 593
931 3848 1009 3903 Nous
1020 3849 1127 3903 aimone
1137 3850 1230 3904 mieux
1241 3868 1305 3923 sup*

241 3948 310 4001 poter
323 3934 393 4008 qn’il
411 3953 478 3988 aura
496 3954 529 3988 eu
550 3955 583 3990 en
603 3956 655 3991 rue
669 3937 829 4003 Gerseude,
851 3937 905 3993 fille
919 3925 1302 4005 d'Herbert·Ereille·Clrieu,

241 4035 321 4079 comte
333 4024 372 4078 dn
386 4026 493 4088 Maius,
508 4025 672 4082 belle-soeur
683 4029 718 4083 de
729 4029 811 4083 llertc
821 4047 871 4101 par
884 4047 932 4083 son
944 4030 1067 4102 mariage
1079 4047 1144 4083 avec
1155 4027 1302 4094 ‘l'hiband,

241 4125 320 4167 eunte
337 4112 374 4167 de
388 4113 584 4188 champagne,
600 4120 664 4190 puis
679 4116 812 4190 repudies
829 4136 878 4191 par
895 4135 926 4172 ce
943 4119 1084 4190 seigneur,
1100 4128 1128 4171 et
1142 4117 1302 4170 remarieei

242 4204 339 4271 Aaron,
354 4206 479 4276 marquis
492 4203 526 4257 de
542 4207 663 4278 ligurio.

269 4292 306 4361 (ὅ)
320 4296 357 4350 La
370 4295 449 4351 Brie.

269 4384 305 4450 li)
318 4382 403 4437 bouis
418 4382 474 4446 l'l,
489 4381 530 4436 dit
544 4383 779 4456 leGrcs(5aoi1t
797 4383 917 4439 noll-1⁶¹
933 4382 998 4435 sont
1015 4378 1081 4458 ¹¹37
1097 4421 1104 4434 .
