3046 5244
230 458 336 537 [1133]
612 453 729 515 ttssstt
747 453 907 517 SEXTUS.
1234 455 1289 514 121

229 588 342 660 mines
359 585 469 659 etiam
486 581 694 671 submersit,
715 586 983 685 innumerisque
1000 581 1163 657 fidelibus
1179 581 1297 656 ecule-

227 705 360 777 siarum
378 703 547 776 introitus
563 703 640 802 ipso
654 701 713 775 die
728 703 870 801 penitus
884 701 1085 804 denegavit·
1104 699 1180 774 Sub
1197 715 1295 773 tanta

230 821 319 892 aeris
333 817 547 917 intemperie
559 820 726 918 praefatus
738 817 942 893 Goissredus
955 819 1125 905 surrexit,
1140 817 1294 891 nivium·

227 961 293 1037 que
320 937 544 1009 nimietatem
565 936 783 1034 postposuit,
805 936 1005 1036 jumentum
1023 931 1176 1035 panibus
1192 932 1297 1006 simi·

228 1053 448 1152 lagineis(1)
471 1053 653 1142 oneravit,
678 1066 716 1126 et
735 1051 852 1125 filium
874 1078 978 1125 snum
1000 1077 1120 1126 seeum
1141 1049 1295 1140 duoens,

227 1167 268 1241 ad
286 1168 554 1242 solemnitatem
576 1169 687 1241 sancti
709 1167 823 1267 patris
843 1167 985 1242 Ebrutfi
1007 1167 1201 1243 festinavit.
1227 1165 1296 1259 Qui

228 1313 307 1361 cum
321 1285 369 1360 ad
381 1285 572 1388 quamdam
585 1313 729 1388 aquam,
744 1287 891 1363 nomine
907 1287 1063 1360 Riselam
1080 1288 1150 1385 (a),
1164 1308 1297 1386 perve-

228 1405 357 1495 nisset,
382 1429 449 1478 neo
468 1428 566 1496 mm,
588 1405 672 1504 quia
695 1431 787 1504 pons
807 1405 857 1477 ibi
877 1404 997 1479 nullus
1017 1419 1113 1493 erat,
1138 1419 1176 1477 et
1194 1428 1297 1503 aquoe

229 1525 490 1612 intumuerant,
507 1520 729 1597 transvadari
742 1523 932 1622 potuisset,
948 1524 1080 1598 timore
1090 1537 1127 1596 et
1140 1537 1298 1596 tremore

228 1641 368 1729 anxius,
382 1639 425 1712 ad
440 1640 655 1714 clementem
671 1640 869 1714 Dominum
887 1641 1095 1740 suspiravit,
1115 1666 1157 1713 ao
1173 1653 1214 1712 ut
1229 1635 1298 1710 sibi

228 1758 485 1859 suffragaretur
505 1758 680 1832 exoravit.
700 1759 766 1831 Pio
786 1759 906 1859 itaque
925 1757 1080 1858 flagrans
1099 1755 1294 1843 desiderio,

227 1873 387 1950 divinam
404 1899 511 1975 opem
526 1875 692 1975 protinus
708 1877 901 1974 persensit,
919 1891 956 1949 et
970 1875 1067 1948 ultra
1084 1875 1201 1974 ripam
1217 1870 1297 1944 abs·

229 2015 296 2091 que
308 1988 444 2063 visibili
457 1990 608 2063 ductore
619 2016 657 2064 se
669 1990 786 2064 solum
796 1991 953 2079 invenit;
969 1988 1084 2062 fliium
1096 2013 1183 2062 vero
1192 2013 1296 2060 suum

229 2134 307 2181 cum
330 2109 499 2208 jumento
516 2122 553 2181 et
572 2107 711 2181 sarcina
727 2106 937 2181 remansisse
954 2107 990 2179 in
1008 2106 1119 2179 altera
1136 2104 1214 2203 ripa
1231 2128 1297 2177 oo-

229 2225 367 2323 gnovit.
391 2224 529 2298 Deinde
546 2223 639 2297 filins
655 2225 730 2324 ejus
747 2224 831 2324 (qni
846 2223 994 2296 forsitan
1014 2220 1199 2322 inaeqnalis
1214 2217 1295 2292 fidei

229 2359 262 2414 et
286 2343 411 2415 meriti
437 2345 535 2442 erat)
559 2341 706 2443 pavidus
734 2365 845 2442 usqne
867 2339 911 2412 ad
931 2337 1145 2414 umbilicum
1166 2362 1296 2437 aquam

230 2459 394 2543 intravit,
409 2462 616 2556 jumentum
630 2455 783 2558 panibus
795 2472 966 2532 onustum
981 2481 1100 2529 secum
1116 2454 1242 2543 traxit,
1260 2468 1297 2524 et

229 2575 309 2649 lioet
326 2575 518 2649 difficulter
536 2576 652 2649 salvus
665 2577 765 2649 exiit.
780 2576 886 2649 Panis
900 2572 1095 2675 siquidem,
1111 2572 1173 2674 qui
1186 2571 1297 2645 servis

227 2692 286 2765 Dei
313 2690 554 2780 deserebatur,
583 2694 619 2766 in
645 2694 747 2794 aquis
767 2693 855 2784 snit3
882 2690 944 2766 sed
963 2691 1064 2793 aquis
1087 2691 1239 2764 intactus
1259 2705 1296 2764 et

230 2809 491 2882 inhumectatus
515 2810 660 2883 mansit.
684 2807 836 2889 Idoneus
859 2809 979 2909 itaque
1000 2808 1102 2906 panis
1120 2805 1165 2879 ad
1192 2832 1295 2878 usum

226 2925 442 3000 amatorum
453 2924 585 2998 Christi
599 2926 743 2999 coelitns
755 2943 914 2999 servatus
928 2943 993 3015 est,
1010 2927 1176 3024 miroque
1185 2921 1296 2997 modo

226 3042 336 3114 siccus
359 3040 405 3113 de
429 3040 554 3114 mediis
579 3040 685 3115 undis
709 3057 889 3114 extractus
915 3056 980 3114 est.
1009 3040 1171 3140 Denique
1193 3053 1296 3137 pater

226 3186 305 3231 cnm
325 3160 431 3258 prole
450 3158 493 3230 ad
511 3158 726 3231 destinatum
747 3159 868 3234 locum
888 3160 1075 3258 pervenit,
1099 3159 1239 3231 viarum
1259 3172 1296 3229 et

226 3301 399 3375 aquarum
412 3276 569 3373 pericula
586 3276 742 3377 qualiter
755 3276 906 3350 evaserit
921 3276 1078 3377 gaudens
1091 3275 1292 3360 enarravit,

226 3395 433 3494 meritisque
449 3398 559 3466 sancti
580 3395 691 3492 patris
706 3393 850 3466 Ebrutfi
870 3396 988 3493 (cujus
1004 3395 1132 3467 sestum
1148 3407 1295 3491 expete-

227 3508 305 3606 bat)
321 3510 520 3607 deputavit.
543 3510 647 3583 Multi
655 3565 665 3600 ,
686 3513 748 3611 qui
769 3527 855 3583 tnnc
868 3507 912 3582 ad
929 3510 1101 3583 solemnia
1120 3533 1295 3582 convene-

258 3791 295 3855 (ι)
314 3790 355 3844 De
374 3790 445 3843 ssetsr
464 3789 499 3843 de
516 3789 603 3844 farina
620 3789 656 3843 de
673 3789 803 3845 trement.
822 3790 876 3844 Dos
895 3790 972 3863 psius
989 3789 1025 3843 de
1041 3808 1072 3845 co
1089 3808 1174 3862 genre
1190 3791 1293 3843 etaient

228 3879 293 3933 alors
307 3898 346 3933 nn
362 3879 451 3949 grand
467 3880 538 3934 inae.
554 3880 694 3934 Piusieurs
706 3881 801 3936 aiecius
814 3883 906 3954 apris,
928 3880 952 3935 ia
964 3881 1053 3936 farine
1066 3882 1115 3954 qui
1128 3880 1228 3936 serrait
1240 3884 1254 3933 ir
1267 3879 1293 3934 la

229 3966 386 4023 fabricatum
397 3967 437 4021 du
449 3969 513 4039 pain
524 3972 591 4022 etait
603 3986 703 4023 encore
713 3969 828 4038 tierneo,
842 3969 1009 4025 cest-adire
1020 3970 1136 4024 extruite
1148 3968 1214 4022 d’un
1227 3970 1294 4020 tiers

229 4056 259 4109 de
272 4058 409 4123 (romunt,
426 4077 464 4111 nn
476 4059 543 4111 tiras
555 4058 589 4111 de
602 4058 686 4129 seigle
700 4077 735 4113 ou
748 4058 858 4131 d’orgo,
872 4072 899 4113 et
914 4080 952 4114 un
967 4062 1034 4114 tiore
1046 4059 1178 4112 d‘aroino.

260 4152 295 4212 (α’
311 4151 345 4203 La
361 4147 450 4202 tttste.
465 4147 486 4200 11
500 4159 539 4202 est
555 4148 686 4220 probabit·
698 4168 753 4224 que
765 4150 889 4205 Geoffroi
904 4161 1022 4204 traversa
1035 4159 1107 4203 cotto
1120 4148 1218 4202 rivii‘re
1233 4163 1294 4200 veta

231 4238 429 4294 ΙἳιιιιιιΗιΙιιιο
443 4257 477 4292 ou
492 4239 749 4304 sainte-Coiombe,
767 4258 838 4312 pour
852 4258 956 4313 pagara
968 4239 1003 4294 dr
1016 4239 1040 4292 li
1055 4226 1222 4293 iichaniour.
