3046 5244
230 475 287 536 174
503 467 688 531 HISTORIA
712 464 1018 527 Bccusssnsrrca.
1088 469 1299 552 [lm-ml]

275 609 338 678 llis
358 604 506 692 auditis,
526 603 776 701 magnanimus
802 599 906 673 heros
926 599 1028 672 valde
1052 602 1218 674 anxiatus
1235 619 1299 677 est.

227 726 318 797 Nam
339 721 542 797 venerando
558 721 663 818 Papoe
680 720 889 818 aprotervis
908 717 1072 790 leonibus
1087 718 1299 820 profligato,

226 843 316 914 sicut
333 842 440 913 Petro
460 841 495 910 in
513 863 656 911 carcere
680 836 851 919 Herodis,
875 861 1084 909 succurrere
1101 836 1299 929 desident,

226 976 263 1032 et
278 960 476 1032 exercitum
493 982 616 1039 suum,
636 980 742 1054 quem
765 980 917 1026 numero
935 954 1190 1052 paucissimum
1208 956 1299 1029 inter

225 1078 358 1150 multos
376 1075 494 1148 hostes
515 1090 551 1146 et
573 1070 722 1145 callidos
748 1088 855 1172 atque
874 1087 1013 1144 atroces
1037 1087 1245 1170 computat,
1264 1074 1299 1147 iu

224 1210 319 1266 terra
347 1194 462 1266 aliena
480 1192 558 1262 sine
579 1188 669 1261 duce
694 1189 792 1260 velut
811 1214 923 1286 agnos
948 1188 1043 1259 inter
1066 1187 1170 1287 lupos
1187 1186 1299 1263 reliu-

224 1336 336 1410 quere
354 1309 586 1381 rehementer
603 1305 754 1378 haesitat.
774 1303 935 1377 Tandem
955 1305 1083 1376 crectis
1104 1301 1299 1379 luminibn

225 1427 354 1499 mentis
372 1425 414 1497 ad
440 1425 655 1510 Dominum,
675 1447 786 1521 aquo
815 1446 925 1494 omne
951 1418 1089 1493 bonum
1116 1417 1299 1519 procedit,

224 1545 429 1617 convocatis
452 1539 655 1642 agminibus
678 1542 748 1612 suis
776 1566 859 1611 cnm
876 1536 1089 1611 Buamundo
1110 1537 1188 1610 filio
1213 1563 1299 1626 tuo,

225 1664 303 1733 ait:
331 1663 482 1762 Semper
502 1659 752 1733 obsecundare
778 1659 877 1745 Deo,
902 1659 968 1756 qui
986 1682 1059 1758 per
1073 1681 1299 1730 comatunem

226 1778 404 1851 Ecclesia
421 1778 617 1851 catholiam
628 1792 816 1865 pastorem
830 1775 1033 1873 alloquitur
1045 1800 1131 1862 nos,
1148 1789 1299 1873 oportd.

227 1896 446 1968 Aueiliante
471 1896 571 1981 lleo,
590 1897 751 1994 jussioni
771 1895 890 1994 Papa
915 1892 1107 1980 obediam,
1126 1906 1161 1962 et
1188 1918 1299 1991 quam

227 2014 335 2084 citius
355 2028 501 2111 potero,
532 2012 587 2084 ad
613 2037 678 2082 uos
713 2008 828 2082 redire
854 2025 1038 2106 satagam.
1067 2015 1215 2081 Interea
1236 2034 1299 2083 eos

221 2129 424 2229 prudenter
439 2132 477 2200 in
494 2128 565 2201 bac
573 2131 764 2229 provincia
784 2130 1014 2226 requiescite,
1030 2144 1064 2199 et
1077 2129 1171 2198 inter
1181 2125 1299 2202 ltoslet

229 2246 391 2347 undique
419 2252 668 2346 circumspecti
696 2264 818 2318 estote.
852 2245 894 2316 Si
923 2247 1003 2344 quis
1025 2245 1299 2345 praesumpserit

227 2364 319 2437 bello
345 2392 412 2436 uos
441 2371 628 2464 impetens,
655 2367 691 2433 in
711 2366 844 2434 virtute
863 2363 935 2434 Dei
964 2364 1116 2434 uiriliter
1131 2366 1297 2436 resistite.

231 2481 307 2551 Vos
325 2497 446 2551 tamen
461 2497 582 2551 cauete
598 2506 643 2550 ne
665 2478 800 2550 bellare
818 2482 1023 2577 incipiatis,
1043 2504 1110 2550 nec
1127 2478 1299 2553 occasio·

226 2619 307 2665 nem
348 2593 552 2693 proeliandi
586 2593 747 2665 bostibus
786 2594 899 2681 (lctis,
936 2620 1052 2692 neque
1082 2593 1297 2692 indigenas,

228 2738 414 2810 quousque
431 2737 612 2805 regressus
615 2709 743 2808 suem,
765 2710 964 2784 lacessatis.
986 2714 1200 2811 lnjunctarn
1211 2708 1299 2783 mr'nt

227 2856 251 2899 a
262 2831 418 2900 Donu'no
435 2830 637 2900 seruitutem
653 2829 770 2918 inibo,
786 2833 865 2902 etsi
879 2836 954 2902 uita
970 2856 1090 2903 comes
1095 2828 1231 2927 suerit,
1244 2854 1299 2903 α-

227 2945 345 3018 leriter
358 2944 495 3017 redibo.
510 2946 587 3014 Per
600 2950 764 3018 animam
779 2948 965 3018 Tancredr'
972 2950 1094 3048 patris
1113 2951 1184 3018 mei
1194 2950 1299 3049 jum,

227 3082 261 3136 et
275 3063 345 3138 boc
351 3065 598 3164 jurejurando
617 3065 718 3137 uobis
728 3065 880 3157 firmiter
890 3091 1026 3154 assem,
1045 3063 1163 3166 quod,
1180 3063 1299 3139 dm

227 3210 385 3255 reuersus
404 3182 458 3254 ad
482 3180 687 3280 uosjitero,
712 3210 782 3253 non
809 3201 893 3255 utar
909 3182 1054 3271 balneo,
1075 3181 1191 3254 barba
1215 3206 1299 3257 Μ

226 3328 298 3374 non
320 3300 484 3390 radetur,
499 3327 616 3399 neque
633 3307 800 3375 cesaries
818 3300 906 3372 milii
924 3299 1186 3374 tonsurabitur.

275 3419 359 3492 Post
373 3418 449 3492 hac
465 3418 575 3491 verba
594 3417 784 3493 bellicosus
797 3419 899 3490 miles
916 3445 998 3490 cum
1015 3418 1136 3517 paucis
1148 3416 1299 3491 oomni·

227 3535 399 3609 litonibus
415 3563 514 3610 marc
536 3564 619 3610 mox
640 3540 815 3637 ingressus
833 3553 903 3627 est,
922 3536 1069 3636 Deoquc
1087 3533 1243 3609 ducente
1259 3534 1298 3609 in

228 3655 394 3753 Apuliam
418 3656 685 3755 profectusum,
707 3672 743 3727 et
761 3655 844 3729 imlc
867 3657 1054 3752 assumptis
1069 3671 1298 3727 armatorum

226 3771 382 3843 rentibus
399 3773 549 3844 Romam
567 3800 749 3871 aggressus
767 3790 831 3843 est.
854 3774 969 3844 Porro
994 3773 1168 3843 llerrricus
1183 3771 1297 3869 impe·

1034 3976 1090 3984 -a
1128 3972 1295 3986 --u—-q

226 4089 332 4144 d‘irirer
345 4088 380 4141 dc
395 4088 532 4152 namne,
544 4102 570 4142 rt
586 4102 650 4143 eran
664 4109 765 4144 resi-un
779 4090 877 4143 derant
890 4091 977 4144 linmr
990 4109 1052 4142 arec
1065 4088 1186 4143 linibus
1200 4099 1230 4142 et
1241 4105 1298 4145 nt*

226 4182 317 4233 armle
328 4180 509 4243 nomiman
525 4184 592 4235 mais
606 4182 630 4234 lr
641 4185 715 4249 ‹irgi-
729 4183 789 4235 n'en
804 4201 902 4253 aranea
917 4202 963 4255 pas
976 4181 1127 4250 darsuusse
1140 4198 1214 4252 pour
1225 4178 1293 4235 ab,

228 4271 262 4321 la
277 4273 389 4325 misire
400 4271 438 4325 du
454 4290 523 4345 pape
533 4292 567 4328 an
580 4273 696 4326 chima
707 4274 881 4343 Sciat-Ange
895 4275 970 4328 u'eut
981 4271 1037 4326 lieu
1046 4270 1130 4343 qu'eu
1145 4266 1225 4327 notu.
