3046 5244
58 419 266 501 [insama]
455 410 574 477 stoan
592 412 733 476 nonus.
1072 408 1135 473 aaa

57 551 273 640 necessaria,
290 563 391 622 extra
405 545 534 621 urbem
550 572 674 622 secure
687 542 923 621 cursitabant.
941 542 1012 617 Sed
1031 543 1134 617 'l'nr-

58 669 195 768 copulis
213 684 249 741 et
266 665 462 739 Pincinatis
480 669 556 764 (1),
574 667 674 766 jussu
691 664 843 764 Augusti
863 660 1133 752 insidiantibus,

57 785 221 886 quotidie
256 782 437 883 peribant.
476 782 648 857 Nondum
674 781 809 883 aliquid
834 778 880 854 de
916 780 1136 880 imperatore

58 902 332 1003 suspicabantur
357 902 560 989 sinistrum,
589 901 724 1001 quippe
749 898 812 999 qui
838 898 1063 972 voluntarius
1084 899 1136 971 cis

58 1017 274 1119 praebnisset
298 1017 509 1116 hospitium.
530 1016 646 1089 Nimis
660 1014 733 1089 dux
751 1016 982 1088 contristatus
996 1030 1051 1087 est
1065 1039 1135 1114 pro

58 1135 200 1209 delectu
215 1160 383 1221 suorum,
402 1150 436 1206 et
460 1133 655 1234 inopinatis
673 1130 810 1205 insidiis
825 1132 1132 1231 Turcopolorum.

59 1252 256 1326 Balduinns
284 1254 394 1351 igitur
420 1249 464 1323 ad
482 1277 631 1325 suorum
655 1251 922 1350 protectionem
947 1251 1079 1341 exivit,
1097 1266 1135 1324 et

60 1371 192 1456 hostes,
216 1371 276 1470 qiu
295 1395 376 1442 snos
394 1368 689 1469 insequebantur,
708 1368 858 1456 invenit,
879 1393 924 1441 ex
938 1368 1136 1466 improviso

61 1489 221 1562 incantos
240 1488 387 1574 inlusit,
406 1487 608 1586 superarit,
629 1486 762 1586 partim
787 1483 936 1575 occidit,
952 1486 1135 1586 sexaginta

59 1607 169 1679 exeis
187 1621 309 1703 captos
322 1607 425 1677 fratri
443 1630 508 1678 suo
523 1603 768 1703 praesentavit.
788 1600 987 1703 Augustus,
1008 1601 1079 1678 hoc
1094 1621 1137 1677 ut
1211 1672 1223 1691 ,

60 1721 210 1808 audiuit,
221 1722 323 1794 valde
339 1722 463 1810 iratus,
479 1721 615 1793 malum
629 1719 829 1819 peregrinis
841 1719 1040 1793 machinari
1054 1746 1136 1795 coe-

61 1839 129 1939 pit.
145 1840 292 1936 Sapiens
300 1838 386 1924 (lux,
405 1836 508 1911 dolos
521 1861 741 1937 praecavens,
758 1835 888 1910 urbem
898 1837 1006 1927 exiit,
1020 1854 1056 1912 et
1072 1837 1135 1912 nbi

62 1957 161 2055 prius
175 1983 236 2027 sna
255 1956 383 2028 linerat
397 1956 568 2044 tentoria,
583 1981 707 2028 rursus
720 1953 925 2029 collocavit.
942 1954 1058 2029 Nocte
1073 1983 1136 2030 su·

61 2076 313 2174 perveniente,
328 2076 428 2173 jussu
440 2073 587 2147 Caesaris
606 2074 723 2146 invasa
737 2088 824 2146 sunt
839 2088 952 2146 castra
966 2072 1067 2147 ducis
1076 2128 1087 2163 ,
1101 2090 1139 2148 et

61 2192 240 2264 exereitus
264 2193 338 2292 ejus
361 2192 485 2263 multis
509 2190 689 2264 lacessitus
713 2190 866 2290 injuriis.
887 2190 1139 2291 sagacissimus

61 2307 135 2382 dux
156 2325 192 2381 et
208 2309 404 2382 acerrimus
426 2308 582 2381 bellator
599 2307 772 2381 versutias
789 2305 990 2396 metuebat,
1009 2323 1046 2381 et
1069 2333 1139 2382 ex-

62 2424 266 2512 cubitores,
287 2426 348 2525 qni
370 2425 535 2498 tentoriis
552 2423 788 2513 excubarent,
805 2421 1005 2523 prudenter
1020 2423 1139 2524 dispo·

63 2557 201 2627 suerat,
233 2557 269 2613 et
295 2566 588 2641 titiumquemque
612 2539 681 2613 sihi
715 2540 865 2640 vigilare
892 2538 1136 2614 mandaverat.

65 2659 210 2757 Repulsi
228 2674 312 2730 sunt
334 2642 547 2758 quantocius
566 2656 767 2748 invasores,
784 2673 822 2731 et
838 2682 882 2731 ex
897 2658 968 2733 illis
983 2684 1036 2732 vn
1053 2683 1142 2758 per·

62 2777 214 2875 emptis,
232 2801 342 2875 nuptie
363 2773 405 2847 ad
431 2791 575 2874 portam
599 2775 753 2849 civitatis
770 2774 941 2849 audacter
963 2774 1142 2850 insecutus

65 2912 119 2964 est
144 2890 217 2962 dux
246 2892 434 2987 fugientes.
460 2889 597 2963 Deinde
624 2888 668 2963 ad
693 2891 848 2965 tentoria
871 2917 932 2963 sua
958 2914 1140 2981 resersus,

64 3007 132 3079 snit
151 3006 199 3078 ihi
222 3008 382 3106 utrinque
401 3006 538 3079 diebus.
566 3009 770 3106 Imperator
796 3008 943 3081 interim
960 3008 1143 3109 cogitabat

66 3126 202 3197 malum
223 3127 261 3196 in
283 3125 411 3197 ducem
436 3125 580 3215 moliri3
607 3125 681 3198 dux
706 3126 882 3200 sollicitus
905 3125 972 3198 sihi
1000 3128 1144 3228 suisque

66 3244 264 3318 consiliari.
277 3245 479 3341 lmperator
491 3244 523 3316 ei
537 3245 725 3317 transitum
737 3268 804 3343 per
814 3243 996 3316 civitatem
1007 3246 1145 3344 regiam

63 3360 285 3460 prohibere3
305 3360 379 3433 dux
401 3359 698 3460 subsequentium
715 3360 934 3460 optimatum
949 3359 1145 3435 adrentum

67 3494 270 3577 expectare.
291 3479 454 3578 Denique
468 3479 655 3577 perspicax
666 3494 703 3551 et
719 3476 916 3585 industrius
930 3477 1143 3578 imperator,

69 3610 110 3665 ut
143 3594 233 3666 nihil
264 3594 482 3666 intentatum
508 3595 752 3696 relinqueret,
784 3620 868 3669 cum
897 3593 988 3669 duee
1021 3620 1146 3696 pacem

69 3712 152 3785 lecit
175 3743 182 3782 :
206 3711 304 3811 qnod
328 3714 355 3784 si
379 3712 573 3786 Brachium
590 3714 645 3812 (a)
669 3712 934 3802 transfretaret,
952 3739 1095 3814 semper
1112 3714 1146 3787 ei

70 3863 182 3876 α...-

106 3929 147 3996 (t)
163 3928 212 3981 les
224 3929 398 4000 l'urcopoles
407 3932 512 3987 etaient
524 3931 573 3987 des
587 3942 701 4006 uoupes
713 3930 820 4005 lc'gbres
830 3931 968 4007 d‘origine
981 3932 1097 4005 Terque
1110 3948 1149 3987 on

73 4017 232 4088 molangia,
246 4024 260 4071 a
275 4019 299 4072 la
313 4019 389 4073 solde
399 4020 447 4076 des
456 4022 732 4095 cmpereorsGrecs3
746 4022 786 4079 les
799 4021 1016 4097 nenoteanes,
1029 4020 1151 4078 d’auues

73 4119 189 4181 troupes
201 4109 374 4177 auxiliaires,
390 4110 528 4186 d'origine
541 4112 688 4171 Slavonne.

109 4198 150 4268 (a)
165 4197 202 4252 Le
217 4198 370 4272 Bosphote.
