3046 5244
82 418 204 488 [ιινιιιυ
218 428 295 469 rann
315 411 406 487 totis]
480 406 600 471 LIBER
620 406 760 473 NONUS.
1097 412 1161 475 557

83 541 196 625 riam,
230 537 274 611 de
300 538 393 612 urbe
416 538 559 613 exirent
582 540 659 640 (r),
685 557 722 615 et
736 540 925 615 clementis
949 540 1015 614 Dei
1036 541 1160 616 efficax

82 656 256 728 auxilium
274 653 481 727 medullitus
500 656 759 755 implorarent,
778 656 957 756 pluviola,
986 674 1159 757 tanquam

83 770 221 845 roscida
235 771 349 859 stilia,
363 770 536 844 divinitus
547 771 676 846 cecidit
682 800 695 863 ς
708 798 809 874 quoe,
824 775 924 874 quasi
939 798 1000 849 me
1011 772 1160 849 matuti-

84 918 150 963 nus
159 945 170 978 ,
199 890 372 961 irroratos
389 914 501 988 equos
516 904 553 963 et
568 889 707 990 equites
723 888 933 964 taetiticavit.
952 886 1059 964 Unde
1073 890 1158 991 equi

83 1009 182 1081 vetut
198 1006 387 1080 exhilarati
407 1006 553 1079 hinnire
570 1023 784 1106 coeperunt,
800 1022 838 1081 et
859 1007 1024 1107 equitum
1045 1006 1158 1081 animi

81 1125 274 1198 dulciorati
300 1125 500 1224 vegetiores
516 1139 552 1197 et
576 1124 770 1200 alacriores
784 1126 955 1214 suerunt,
971 1140 1009 1198 et
1031 1148 1159 1199 omnes

81 1246 215 1341 scipsos
231 1243 475 1341 promptiores
488 1258 526 1315 et
546 1239 787 1342 expeditiores
802 1258 1007 1317 senscrunt.
1031 1242 1157 1317 Pluvia

83 1378 203 1433 tamen
219 1360 277 1432 itta
297 1375 368 1432 tam
383 1359 525 1433 subtilis
546 1376 585 1435 et
600 1358 742 1435 modica
755 1361 842 1447 suit,
858 1374 899 1433 ut
914 1361 975 1432 vix
995 1359 1156 1459 pluriam

21 1557 25 1565 ,
82 1505 161 1551 eam
179 1477 355 1564 dixerint,
371 1475 432 1550 sed
448 1474 622 1577 quasdam
635 1476 794 1578 guttulas
808 1492 975 1553 rorantes
987 1476 1068 1577 plus
1079 1502 1158 1551 sen·

81 1598 195 1668 serint
213 1622 321 1696 ‹puam
340 1593 512 1669 viderint.
532 1596 611 1669 Hoc
627 1619 760 1696 nempe
775 1622 796 1669 a
811 1595 937 1670 muttit
951 1590 1158 1694 probabiti-

82 1714 150 1786 bus
163 1715 270 1800 viris,
285 1714 348 1812 qui
367 1713 629 1800 interfuerunt,
647 1713 804 1785 relatum
819 1728 887 1787 est.

132 1830 407 1918 curbarannus,
433 1827 478 1902 ad
500 1829 639 1902 betium
655 1827 893 1930 procedentes
910 1843 952 1901 ut
968 1827 1059 1902 vidit
1076 1829 1154 1928 (2),

81 1947 198 2020 dixit:
228 1947 316 2019 Plus
335 1945 390 2019 ad
404 1943 550 2047 fugam
579 1945 617 2018 ta·
634 1962 840 2047 properant
846 2002 860 2035 ,
884 1972 997 2046 quam
1015 1943 1070 2017 ad
1082 1971 1158 2045 pu·

80 2091 209 2163 gnam.
231 2063 349 2134 Sinite
373 2087 434 2135 eos
452 2060 523 2134 truc
542 2088 654 2162 usque
670 2060 867 2151 accedere,
891 2077 930 2134 nt
955 2059 1068 2133 libere
1087 2060 1158 2133 de·

80 2160 284 2281 glutiamus
305 2206 364 2250 eos
390 2184 428 2248 in
449 2197 573 2251 nostra
590 2194 783 2279 potestate.
808 2179 979 2265 Emeum,
1000 2179 1157 2251 exeant!

82 2299 160 2370 Nos
187 2301 282 2369 eru'm
303 2324 362 2369 eos
386 2299 510 2369 statim
532 2299 857 2395 circumcingemus
880 2312 914 2369 et
929 2294 1157 2400 proevalehr’-

82 2440 163 2484 mus
178 2429 211 2482 et
227 2411 508 2509 suffircudr'mus.
523 2411 717 2485 Christiani
733 2436 822 2485 vem
835 2412 1014 2511 gradatim
1033 2409 1153 2500 ibant,
1220 2406 1224 2415 ’

84 2556 150 2602 nec
166 2529 254 2599 alius
272 2529 380 2599 alium
399 2527 605 2602 inordinate
619 2528 929 2629 praeproperabat.
945 2528 1157 2602 Curbaran·

85 2673 151 2719 nus
169 2662 307 2733 autem,
326 2662 517 2747 postquam
532 2645 624 2719 vidit
639 2672 699 2720 eos
709 2646 881 2721 decenter
897 2649 934 2722 in
948 2647 1059 2739 armis
1073 2672 1158 2746 pro·

85 2763 227 2851 cedere,
254 2789 320 2835 nec
343 2790 513 2864 nsquam,
537 2790 601 2839 cen
622 2763 893 2857 formidolosos,
911 2765 1076 2855 deviare,
1095 2762 1157 2839 sed

84 2908 206 2979 gressu
235 2898 415 2955 maturato
440 2881 657 2981 procedere,
678 2884 811 2956 iterum
833 2908 907 2957 non
924 2883 1072 2957 erubuit
1098 2882 1158 2956 di-

85 3026 166 3072 cere
187 3029 194 3069 :
217 3002 302 3071 Ister
318 3001 603 3099 contemptibiles
620 2999 805 3073 canicule!
820 3000 868 3074 de
892 3000 986 3075 bello
990 2998 1157 3099 forsitan

85 3117 274 3189 residebunt
289 3115 537 3216 proesunrerc?
553 3118 656 3189 Tunc
668 3134 768 3190 metu
782 3117 954 3217 diriguit,
970 3134 1007 3191 et
1020 3117 1159 3191 viribus

86 3235 249 3332 corporis
258 3235 397 3317 solutis,
412 3234 533 3305 animo
541 3233 680 3331 friguit.
692 3234 794 3307 Ciam
806 3235 916 3331 igitur
929 3236 1156 3332 procuratori

86 3379 166 3437 suo,
182 3378 290 3450 quern
308 3350 548 3422 Adrniralium
565 3364 714 3435 vocant,
731 3348 916 3421 mandarit
931 3366 971 3421 nt
981 3404 992 3437 ,
1010 3352 1039 3423 si
1055 3352 1090 3423 in
1104 3376 1160 3423 ca·

87 3470 160 3566 pite
177 3470 353 3540 exercitus
377 3469 429 3539 sui
448 3468 568 3565 ignem
586 3489 775 3537 accensum
791 3466 968 3565 {irmigare
984 3468 1040 3564 (3)
1056 3464 1159 3537 ride-

86 3618 812 3632 ffl——n—n-ffl-——n——u——q--u
1020 3612 1146 3629 *—

122 3696 160 3762 Ιζἰ)
176 3696 209 3746 tu
224 3705 302 3765 purte
316 3693 355 3745 du
370 3703 449 3764 pont.
465 3690 500 3744 Lo
516 3688 653 3763 principa!
665 3688 746 3744 ciiort
761 3688 797 3745 de
813 3689 838 3745 ta
854 3689 966 3747 bataitte
979 3701 1028 3745 etat
1041 3690 1097 3745 tim
1111 3706 1160 3744 sur

87 3783 111 3835 la
131 3785 186 3834 rin·
205 3782 296 3835 droitr
314 3781 509 3842 ‹lcl'01·oute,
526 3789 606 3834 entre
622 3778 648 3833 le
665 3778 754 3834 tleovc
768 3790 798 3834 et
812 3778 852 3834 ies
867 3790 1031 3855 ntootagnet
1049 3778 1158 3835 Noires.

89 3873 215 3943 Ketirogai
231 3884 301 3924 rrsta
316 3872 350 3924 tit·
363 3890 390 3925 sn
405 3887 540 3944 personne
553 3887 602 3923 sur
615 3868 640 3923 ia
654 3871 711 3924 rive
725 3869 841 3943 gaucite.

124 3965 162 4029 (a)
183 3964 217 4015 La
233 3963 343 4033 ptupart
363 3961 412 4015 dre
430 3957 580 4013 historiens
598 3956 736 4013 affirment
747 3976 802 4034 que
820 3976 852 4013 ce
869 3956 981 4031 genera!
999 3957 1091 4029 jonait
1108 3973 1162 4011 anx

88 4053 199 4115 rrtrrrs,
221 4052 315 4125 «paranti
336 4072 372 4105 οιι
393 4052 452 4104 sint
469 4048 508 4102 tut
528 4048 684 4122 apprendre
703 4048 743 4103 ies
761 4048 897 4124 patentiore
916 4056 1106 4101 ntouvoments
1126 4044 1162 4101 de

88 4142 198 4195 t'armtr·
214 4144 385 4195 rirrrtitntnr.

126 4232 164 4302 (3)
189 4233 325 4286 ttaiumutt
347 4232 468 4303 (impetiri
491 4242 519 4286 et
542 4230 705 4287 Gttiiiaunte
722 4228 757 4284 de
779 4229 837 4301 Tyr·
858 4224 1007 4300 indiqueat
1027 4242 1066 4281 un
1083 4226 1166 4281 motii
