3046 5244
88 451 136 524 [η’
150 464 217 504 tort.
236 445 328 524 tots]
480 442 598 508 uultu
618 444 757 511 NONUS.
870 516 879 553 ἓ
1089 450 1151 513 ³³7

82 593 317 680 praeparata,
338 602 422 651 cras
440 576 671 678 ingrediatur
690 578 980 655 Sarraoettorttm
994 596 1148 671 tertam,

88 693 334 794 dept·aedandi
353 719 469 766 causa
477 750 489 784 ,
510 712 545 767 et
558 696 614 768 sic
629 697 763 769 nostn's
779 710 815 769 et
827 699 959 771 uestris
975 696 1154 772 dt’ssimu-

89 809 226 881 laltitttt·
239 836 355 881 causo
379 825 515 882 nostro.
545 811 750 912 Postquam
773 811 929 887 ltostittm
946 814 1156 887 multitudi-

89 954 171 1000 nem
188 927 333 1027 longius
349 927 484 1001 abiisse
498 932 613 1002 nostri
626 932 848 1030 putaverint,
870 940 1060 1033 nu'nusqtte
1074 929 1156 1005 sol-

91 1046 186 1118 liciti
215 1045 282 1118 sob
324 1048 438 1120 noctis
473 1046 617 1119 silentio
653 1049 850 1147 quieverint
859 1083 875 1135 ,·
905 1076 972 1124 vos
1012 1053 1155 1123 interam

92 1164 330 1254 clandestini,
346 1165 452 1237 scala
466 1166 579 1237 mitris
594 1165 769 1255 admota,
782 1166 998 1255 accelerate,
1014 1190 1156 1242 omnent

93 1280 281 1351 tumultum
299 1286 532 1382 compescite,
552 1307 769 1382 murumque
787 1287 859 1357 cito
880 1301 915 1356 et
937 1284 1162 1384 confidenter

92 1398 294 1487 ascendite,
309 1415 495 1499 turresque
510 1424 623 1489 meas,
641 1417 681 1472 ut
688 1403 854 1499 promisi,
870 1405 1029 1503 recipite.
1044 1402 1160 1473 Post·

91 1515 240 1585 modum
257 1516 304 1587 de
317 1516 422 1588 rebus
434 1515 592 1615 agendis
598 1534 808 1614 procurate,
820 1517 1032 1619 gladiisque
1041 1544 1160 1591 rerum

92 1650 237 1704 eventus
250 1632 436 1734 perficite,
450 1658 517 1706 nec
533 1632 679 1732 aliquid
688 1634 792 1732 quod
806 1634 993 1733 agendum
1008 1637 1074 1722 sit,
1092 1659 1161 1707 cett

92 1775 233 1847 segnes,
250 1749 439 1849 negligite.
455 1752 540 1850 Ego
551 1776 638 1822 veto
649 1751 821 1824 insomnis
833 1767 869 1823 et
883 1752 1062 1825 sollicitus
1074 1774 1162 1824 aes-

93 1883 185 1937 trum
195 1866 441 1967 praestolabor
456 1867 664 1940 adventum.
682 1865 911 1941 Buumundus
930 1868 1049 1968 itaque
1065 1892 1162 1967 prae·

93 1984 174 2055 coni
193 2009 275 2069 suo,
291 2009 399 2083 quem
413 1984 742 2059 Malam-Coronam
754 1983 1081 2086 cognominabant,
1096 2008 1163 2085 per

93 2115 206 2171 castra
235 2103 435 2198 praeconari
449 2102 554 2201 jussit
569 2102 644 2200 (r),
672 2118 713 2174 ut
735 2126 862 2176 omnes
884 2102 980 2176 irent
1006 2100 1164 2176 hostium

96 2229 208 2286 terras
235 2215 449 2314 depraedari.
470 2217 585 2291 Omne
606 2243 694 2292 vero
717 2234 895 2293 secretum
913 2216 1065 2293 credidit
1079 2216 1163 2291 duci

94 2330 296 2406 Godesredo
304 2387 315 2423 ,
330 2350 367 2405 et
384 2332 616 2424 Flandrensi,
630 2350 668 2408 et
681 2333 896 2408 Narmanuo
903 2387 916 2425 ,
933 2349 1042 2433 atque
1052 2332 1166 2407 Tolo-
1180 2318 1212 2359 ⁹

94 2475 201 2536 sano,
223 2477 263 2521 ac
281 2448 443 2523 Podiensi
462 2452 649 2550 episcopo,
666 2451 813 2553 aliisque
833 2449 1048 2552 quibusdam
1065 2451 1168 2551 opti-

97 2563 250 2639 matibus
266 2563 487 2641 ,Tancrodue
513 2583 652 2657 autem,
682 2567 808 2667 suique
838 2567 1055 2655 consiliarii,
1087 2589 1168 2639 rem

97 2697 209 2755 totam
221 2680 267 2754 ab
284 2684 425 2782 origine
437 2700 616 2758 noverant
627 2685 699 2784 (a).
717 2684 918 2785 Stephanus
932 2708 1022 2759 vero
1035 2682 1170 2757 Carno-

98 2801 206 2871 tensis
224 2799 366 2887 aberat,
384 2801 446 2901 qui
469 2828 598 2902 magna
615 2800 780 2876 detentus
797 2800 1014 2903 egritudine
1021 2856 1033 2893 ,
1055 2816 1098 2874 ut
1111 2826 1167 2873 at·

96 2914 254 3002 serebat,
274 2916 318 2987 ad
338 2917 616 2991 Alexandrotam
638 2919 870 2993 recreationis
893 2919 1029 3019 gratia,
1053 2915 1169 2991 donec

98 3035 358 3122 corwaluisset,
384 3034 591 3109 discesserat
607 3038 677 3134 (ὅ).
703 3036 894 3111 Exercitus
917 3037 1036 3138 itaque
1052 3034 1171 3109 chris·

135 3334 173 3399 (ι)
188 3333 226 3384 Cc
242 3341 300 3384 mot
315 3348 434 3403 manquo
446 3330 515 3385 dane
528 3330 553 3385 ie
568 3331 720 3384 manuscrit
735 3329 771 3385 de
783 3317 1003 3385 saint-Erroult.

134 3422 174 3491 (a)
193 3422 274 3474 eene
291 3421 481 3474 cit-constance
499 3429 542 3474 ost
559 3417 719 3474 tout-i-lait
737 3417 905 3491 apocrypho.
922 3414 1068 3470 Tancride
1086 3434 1123 3471 ne
1140 3415 1172 3471 fit

100 3510 190 3565 minio
204 3529 249 3582 pas
261 3512 348 3581 partie
360 3510 407 3563 des
421 3509 555 3581 premiere
564 3508 714 3565 erinnem
723 3507 773 3581 qni
785 3509 929 3561 entrireut
937 3504 1007 3560 dant
1016 3505 1170 3571 Antioche.

99 3611 127 3653 ct
144 3601 161 3652 il
184 3601 291 3653 atltussa
307 3605 321 3653 ὲ
338 3600 479 3654 uoemontl
494 3599 612 3654 d'amers
624 3598 774 3671 tuprochet
788 3615 862 3671 pour
875 3597 916 3651 lui
938 3598 1014 3651 croit·
1034 3597 1118 3650 cache
1129 3612 1173 3651 m

100 3674 291 3761 inteiligcnccs
304 3710 368 3745 avec
380 3691 513 3747 Plutona.
530 3691 636 3763 Voyez,
651 3693 711 3745 'aue
724 3688 811 3760 suist,
827 3686 917 3742 Raoul
928 3685 964 3741 de
975 3688 1067 3755 Gen,
1085 3687 1174 3743 Gesta

106 3781 259 3843 Tancrtdt',
279 3800 335 3834 Lxx.

135 3869 174 3938 (3)
187 3873 225 3926 (Ic
237 3873 374 3942 scigrreur,
387 3872 486 3946 auquel
501 3870 540 3926 les
550 3869 627 3925 chela
636 3869 687 3925 dea
698 3869 801 3924 croitet
813 3869 921 3924 avaient
933 3868 1045 3924 consere
1056 3866 1083 3921 ie
1095 3883 1174 3921 com·

101 3960 281 4014 mandcnrcut
298 3962 427 4033 supi-inte
444 3971 472 4015 et
490 3960 515 4016 ia
534 3959 672 4015 directiou
688 3958 738 4014 det
754 3960 926 4033 ope'rationt,
943 3968 993 4013 eut
1009 3976 1044 4011 eu
1065 3955 1130 4011 eliel
1146 3954 1173 4011 ln

100 4047 209 4101 licltctt‘·
222 4050 256 4103 de
271 4069 299 4103 st·
312 4053 412 4105 retiter
427 4070 491 4105 avec
507 4061 606 4125 quatre
620 4050 697 4106 tuille
709 4050 836 4105 hommes
852 4053 867 4105 'a
883 4046 1095 4111 Alexandrcue,
1109 4063 1174 4101 aaut

102 4150 227 4210 prs-terto
235 4139 270 4193 de
281 4140 406 4207 nialadic,
416 4142 473 4195 trie
480 4160 534 4214 peu
542 4140 578 4196 de
584 4141 664 4212 joura
673 4150 753 4195 avant
761 4137 787 4194 Ιι
796 4140 870 4213 prise
875 4139 1050 4195 d‘Antioclre.
1059 4138 1175 4193 Suivant

104 4229 231 4283 Foucltcr
246 4230 440 4296 detinentes,
457 4231 476 4284 il
491 4234 573 4287 scrait
584 4230 690 4304 partile
701 4229 780 4285 vetite
790 4228 967 4286 mimedeoe
977 4226 1171 4302 grensleveue·
