3046 5244
619 474 730 536 Llllllll
749 473 908 537 SEXTUS.
1252 480 1292 541 ⁴5

239 608 470 709 perturbavit.
485 604 645 678 Tandem
663 606 764 680 miles
776 604 937 689 effectus,
959 605 1145 704 pulchram
1162 626 1198 682 et
1212 611 1292 685 elo-

235 742 401 826 quentem
412 720 828 820 Ai·iciam,llerbranni(
835 721 1001 821 illiliam,
1012 750 1159 798 uxorem
1170 725 1289 818 duxit3

233 846 327 943 cnjus
344 839 497 916 consilio
512 858 549 913 et
567 840 682 938 sagaci
700 855 861 914 conatua
876 840 1025 939 pristina
1042 844 1217 941 pravitate
1227 846 1290 918 ali·

231 976 404 1061 quatenus
417 955 550 1030 retrahi
565 958 690 1055 coepit.
704 957 794 1029 Erat
804 958 901 1030 enim
911 956 1068 1057 prudens
1079 977 1116 1034 et
1126 963 1289 1053 facunda,

231 1096 294 1151 eta
313 1073 513 1176 puerilibus
529 1075 631 1147 annis
646 1074 723 1146 Deo
737 1074 883 1161 devota,
901 1076 1093 1178 multisque
1109 1105 1291 1179 proposse

229 1222 289 1269 suo
312 1194 421 1268 bunis
436 1191 606 1292 operibus
630 1190 761 1266 dedita.
781 1194 866 1266 Haec
890 1209 962 1267 tres
985 1196 1113 1270 iratres
1138 1196 1291 1273 habebat

229 1314 420 1417 praeclqrou
444 1311 605 1383 milites:
631 1310 833 1382 losdunum
866 1327 902 1383 et
925 1310 1159 1386 Guillelmum
1186 1333 1291 1417 atquc

228 1427 474 1516 liudbertum
492 1451 649 1527 quorum
663 1426 796 1500 auxilio
812 1428 970 1502 sororius
989 1454 1114 1503 eorum
1138 1432 1174 1504 in
1192 1432 1291 1507 dolo·

227 1574 279 1621 sos
291 1569 519 1647 persuasores
535 1545 742 1643 praevaluit,
762 1561 798 1618 ct
816 1544 940 1644 plura,
958 1573 1040 1646 quae
1056 1546 1290 1623 fraudulentis

226 1662 512 1765 surreptionibus
530 1661 771 1763 nequidquam
782 1659 995 1737 distraxerat
1008 1691 1048 1737 ac
1064 1664 1286 1765 perdiderat,

228 1783 464 1883 recuperavit.
493 1782 640 1853 Praelata
668 1781 799 1853 mulier
825 1782 907 1856 viro
936 1808 1001 1855 suo
1025 1782 1117 1856 lilios
1139 1801 1176 1857 et
1201 1783 1290 1858 filias

227 1926 376 1974 numero
391 1925 445 1973 xit
461 1899 618 1999 peperit,
635 1924 792 1998 quorum
815 1899 988 1999 maj0rem
1004 1916 1143 1997 partem
1160 1900 1289 1973 imma-

225 2037 299 2091 tura
315 2044 415 2093 mors
427 2017 464 2091 in
480 2016 624 2089 infantia
636 2041 722 2089 mox
734 2013 931 2089 absorbuit.
946 2014 1082 2089 Deinde
1092 2018 1179 2117 ipsa,
1194 2044 1290 2092 com·

226 2138 328 2234 pletis
339 2163 422 2211 cum
436 2136 516 2207 siro
529 2161 593 2207 suo
607 2160 654 2206 xv
666 2135 782 2222 aunis,
795 2149 875 2206 viu·
888 2133 959 2206 lal.
970 2132 1140 2208 februarii
1155 2137 1210 2233 (a)
1223 2133 1288 2208 de-

225 2255 344 2325 luneta
365 2269 438 2337 est,
458 2268 494 2324 et
519 2251 555 2323 in
579 2251 734 2322 claustro
762 2247 1044 2339 monachorum,
1072 2276 1163 2352 quos
1188 2251 1289 2324 valde

226 2369 419 2457 dilexerat,
436 2367 479 2441 ad
500 2371 633 2442 ostium
649 2366 804 2439 basiliere
817 2366 952 2465 sepulta
967 2381 1031 2438 est.
1049 2365 1185 2440 Arcum
1201 2393 1290 2441 vero

228 2484 404 2584 lapideum
426 2511 532 2585 super
553 2487 665 2585 ipsam
690 2484 871 2573 Guarinus
889 2484 991 2582 prior
1009 2485 1169 2559 construi
1184 2483 1286 2573 lecit,

228 2620 260 2674 et
274 2604 404 2677 Vitatis
417 2604 617 2703 Angligena
628 2600 850 2702 epitaphium
867 2600 1067 2701 hujusmodi
1085 2601 1208 2675 edidit.

365 2770 474 2824 Nobilis
483 2770 582 2824 Ariciae
594 2787 694 2842 corpus
702 2770 776 2840 jacet
790 2768 852 2835 hic;
867 2769 926 2822 sine
939 2767 993 2822 line

363 2860 494 2915 Christus
505 2861 530 2915 ei
545 2869 632 2914 tutam
645 2858 778 2914 concedat
793 2861 821 2914 in
836 2859 937 2914 ethere
947 2860 1048 2913 vitain!

363 2952 420 3006 Cui
430 2951 528 3023 proba,
543 2951 610 3006 dum
623 2951 705 3019 vixit,
721 2969 785 3004 curn
798 2950 879 3005 laude
889 2948 1020 3025 frequens
1035 2951 1137 3005 inliiari
1156 2995 1163 3016 ,

364 3037 405 3088 Ac
419 3033 526 3087 studuit
535 3034 596 3107 jugi
608 3044 708 3088 conatu
717 3033 782 3104 jure
796 3031 906 3087 lucrari.

364 3123 486 3178 Pulchra
499 3124 553 3178 luit
562 3122 653 3191 valde,
668 3123 785 3178 facunda
798 3125 877 3191 satis,
891 3125 1063 3198 sapiensque.

363 3212 492 3267 tlultilius
505 3213 612 3268 assidue
624 3214 695 3268 diris
707 3214 847 3287 satagebat
860 3212 964 3268 adesse.

363 3301 497 3371 Quotidie
508 3304 602 3358 missas
613 3302 709 3358 audire
720 3302 849 3359 studebat
865 3314 893 3358 et
906 3302 1000 3358 horas.

365 3392 465 3447 l'irere
477 3404 575 3467 sponte
587 3412 634 3447 sua
648 3395 687 3448 sic
698 3395 784 3466 coepit
796 3394 911 3448 ltonesta
925 3393 1031 3466 puella,

366 3481 492 3557 Denique
503 3482 649 3538 Gualterio
663 3502 796 3557 generoso
809 3494 894 3557 nupta
909 3484 1025 3551 marito,

365 3573 438 3627 Cum
451 3591 508 3646 quo
519 3572 668 3649 quindenis
679 3575 747 3629 visit
760 3573 876 3629 feliciter
888 3576 982 3641 annis,

366 3659 461 3715 fflidit
474 3671 596 3735 optatam
609 3664 716 3735 prolem
729 3681 847 3718 numero
855 3662 1024 3718 duodenam.

367 3752 490 3805 lloribus
502 3755 622 3827 egregiis
633 3755 788 3828 specialiter
799 3755 855 3809 liaec
869 3755 936 3809 lucra
949 3754 1040 3821 fulsit,

370 3840 491 3896 Faeclesie
505 3844 609 3899 cultum
625 3856 750 3918 satagens
763 3845 895 3900 extollere
908 3844 1043 3911 multum,

369 3930 494 3987 Contulit
505 3945 620 3989 ornatus
633 3937 775 4009 proprios,
790 3934 883 3990 altaris
897 3934 926 3990 iu
940 3954 1015 3989 usus.

245 4070 288 4079 a
295 4074 307 4081 -
314 4074 530 4090 0-——-·--—-—
539 4084 640 4093 ---,,--
649 4084 965 4095 --αα-,ῄ--υ-

275 4169 282 4213 ι’
288 4168 547 4247 illleSauqueville.

286 4275 308 4324 a¹
324 4262 394 4316 tim
405 4286 410 4315 :
422 4266 518 4321 Martii
529 4268 577 4337 (aa
591 4269 716 4339 lessies).
