3046 5244
229 438 290 495 270
506 428 686 488 msroius
711 428 1014 489 eecrssnsrtcs.
1180 434 1290 507 [sose]

229 566 367 651 dimisi,
392 563 561 660 milleque
587 577 689 630 reatu
717 575 844 631 eontra
871 588 927 630 me
952 566 1136 631 eommoei.
1163 563 1213 631 lt't
1235 563 1293 633 illi

228 707 451 780 summopore
464 678 658 775 milnj'aeti
670 680 820 748 inirm'ci.
840 679 860 747 I
867 679 944 750 'nde
960 706 1041 749 neor
1054 685 1198 749 omnino
1214 706 1290 751 esse

221 801 362 899 justum
394 814 431 866 ut
465 794 585 867 Dauid
608 799 733 888 ntagni
757 797 871 889 regis,
898 823 1001 893 quem
1034 794 1123 866 mihi
1143 822 1287 897 propa-

227 918 350 987 suistis
380 914 617 1000 imitandum,
648 912 948 1010 irredragabiliter
974 928 1155 985 teneamus
1180 913 1287 1012 jndi-

227 1036 338 1103 einm.
353 1032 457 1102 Sicut
469 1032 602 1101 Baana
617 1046 650 1099 et
664 1029 1089 1127 ltectnrtr‚fitr'1'Iternrnon
1099 1032 1286 1107 Berotitee.

226 1154 286 1248 epu
303 1175 417 1244 regem
435 1144 594 1217 Isbosetit
613 1149 649 1215 in
669 1146 778 1217 dania
796 1173 864 1217 sua
881 1146 1149 1218 decoliaeerunt
1159 1205 1168 1233 ,
1183 1147 1290 1245 judi·

226 1283 331 1337 cante
348 1264 491 1347 Dauid,
509 1265 545 1333 in
564 1263 706 1333 Hebron
720 1264 915 1362 suspendio
924 1272 1105 1365 perempti
1116 1280 1200 1335 sunt
1211 1266 1226 1359 (
1236 1266 1285 1360 r);

225 1387 278 1453 sie
296 1383 357 1452 isti
374 1381 602 1451 insidiatores
621 1384 721 1471 regni
736 1384 938 1477 pmn'autur
955 1382 1107 1455 terribili
1120 1381 1289 1454 animad-

226 1499 405 1585 versione,
432 1514 469 1568 ut
485 1517 678 1598 preesentes
699 1496 869 1591 etjunoi
884 1514 1096 1583 terreantur,
1120 1515 1153 1568 et
1176 1504 1288 1569 custi-

222 1629 355 1711 gentur
366 1612 475 1711 hujus
494 1613 641 1687 ultionis
659 1613 850 1684 relatione!

274 1728 329 1800 sd
354 1729 448 1815 haec,
469 1730 658 1828 optimates
687 1730 762 1826 regi
793 1728 994 1801 dixerunt:
1021 1734 1172 1815 Omnia,
1204 1756 1289 1827 qun

153 1844 157 1853 ’
225 1845 336 1931 dicis,
352 1844 493 1915 domine
511 1871 595 1931 rer,
615 1872 703 1915 vera
726 1860 758 1912 et
776 1846 882 1940 justa
905 1871 980 1917 esse
1003 1871 1204 1929 censemus,
1225 1870 1287 1914 nei.

227 1990 298 2033 una
326 1961 430 2033 uerbo
451 1964 584 2032 rationi
605 1976 680 2031 tuce
702 1962 950 2033 contradicere
967 1963 1147 2033 vitiemur.
1174 1964 1288 2033 Beni-

226 2079 378 2149 volentia
393 2095 512 2150 tnmen
527 2096 687 2175 cogente,
696 2081 893 2176 potentiam
909 2097 1007 2149 tunm
1018 2079 1289 2150 irurrn'literutu·

226 2224 305 2266 mus
338 2214 375 2265 ut
404 2197 609 2266 consideres
637 2203 823 2293 quisunt,
844 2223 914 2295 pnr
946 2194 1072 2294 quitus
1105 2213 1290 2294 tantopere

225 2336 407 2407 regnante.
429 2310 642 2410 turpernsr's·
664 2310 747 2379 (teto
760 2326 914 2407 patruus
934 2326 1015 2379 tuus
1032 2328 1101 2399 est,
1121 2329 1155 2382 et
1167 2316 1289 2411 ponti·

216 2426 328 2525 jicali
352 2428 639 2517 sanctificatione
662 2424 841 2525 [receditur
871 2443 937 2496 est.
975 2430 1065 2496 Cum
1094 2443 1202 2525 patre
1228 2443 1289 2497 tuo

229 2544 369 2639 Augias
383 2545 611 2640 subjugavit.
629 2548 732 2641 eique
744 2548 780 2613 in
796 2544 915 2614 nndtis
928 2543 1177 2615 aricietatibus
1189 2550 1289 2643 peri-

227 2662 346 2731 etdose
363 2660 535 2731 subvenit.
557 2661 661 2755 Quid
677 2678 777 2731 tanto
799 2666 873 2732 uiro
888 2662 1071 2757 ‹egeredum
1087 2660 1169 2731 est?
1185 2662 1291 2731 Absit

229 2779 321 2847 utin
345 2777 567 2859 sacerdotem
589 2778 740 2847 Domim
759 2804 889 2848 ritanus
907 2781 1075 2877 injicias,
1097 2795 1131 2848 et
1142 2782 1293 2873 sangui·

228 2922 309 2965 nem
334 2897 412 2993 ejus
437 2896 607 2991 effundas
631 2898 667 2965 in
691 2896 758 2964 tali
780 2923 908 2967 causa.
937 2899 1180 2967 Iienu'niscere
1204 2898 1297 2994 quid

216 3012 353 3106 jecerit
379 3008 475 3080 Saul
501 3014 537 3077 in
565 3009 687 3091 sote,
720 3026 753 3079 et
781 3010 874 3107 ipdd
897 3012 1087 3111 pertulerit
1113 3014 1150 3080 in
1175 3030 1295 3081 monte

234 3124 370 3195 Gelboe
393 3127 459 3219 (a).
485 3128 577 3217 (inis
592 3144 787 3224 preesrunet
805 3126 870 3196 tiin'
886 3125 1047 3225 injurius·
1074 3130 1230 3199 suadere
1255 3146 1294 3199 ut

231 3246 423 3313 antistitem
442 3244 607 3329 Dorrnni,
621 3260 866 3343 patruumque
884 3264 982 3316 tuum
1009 3244 1095 3317 uelis
1119 3245 1289 3317 attidem·

230 3360 346 3432 nare?
370 3361 496 3431 Aemo.
526 3362 657 3435 (annes
680 3389 764 3459 ergo
780 3388 979 3458 precamur
996 3381 1034 3433 ut
1063 3362 1117 3433 illi
1137 3362 1290 3433 benecu-

232 3479 380 3548 lentiam
400 3496 499 3549 tuam
518 3479 714 3558 concedas,
735 3479 943 3549 militenen
963 3488 998 3549 in
1022 3478 1290 3551 Narmanniam

232 3598 285 3666 nd
297 3598 479 3667 diiecesim
494 3625 595 3665 snam
614 3598 714 3666 ‹drire
722 3600 924 3697 perrm‘ttas.
945 3598 1072 3671 Cenum
1088 3600 1197 3667 etiarn
1214 3598 1290 3669 lio-

231 3712 401 3783 iuniensis
415 3716 590 3809 patrituo
604 3712 932 3807 satisjuitJideiis,
948 3732 981 3784 rt
996 3717 1033 3784 in
1047 3715 1150 3784 rebus
1161 3716 1291 3785 arduis

232 3848 391 3899 strenuus
409 3829 562 3923 adiutor
576 3846 609 3897 et
626 3831 907 3900 eonttdrerrndis.
932 3830 1131 3901 iiodhettus
1149 3858 1290 3929 quoque

286 4128 291 4153 ι
326 4104 379 4161 iio.
409 4124 425 4151 n
462 4128 471 4163 ι

289 4194 378 4249 »itte
408 4214 426 4245 ι,
449 4210 476 4241 ι·
505 4204 528 4237 «Ἰ
546 4188 573 4241 31
