3046 5244
72 440 171 514 [russo
191 440 283 519 1098]
467 438 585 503 LIBER
605 438 744 505 NONUS.
1083 442 1146 505 553

72 571 286 645 Graecorum
309 569 526 645 festinabant
543 569 587 644 ud
608 569 836 647 obsessorum
856 570 1050 664 auxilium3
1068 572 1148 674 qui·

71 687 139 762 bus
150 690 349 788 imperator
360 690 481 762 accitis
492 716 596 763 suum
607 690 775 790 patefecit
787 688 991 765 consilium.
1008 686 1147 764 Deinde

65 807 169 906 jussit
191 823 230 878 ut
246 806 413 904 protinus
435 832 561 881 omnes
582 804 765 897 redirent,
781 822 818 881 et
838 806 1026 907 regionem
1044 805 1145 879 illam

69 923 213 1021 penitus
241 921 485 1013 devastarent,
513 939 550 996 et
579 922 709 997 iucolae
745 922 841 999 illiue
872 924 909 997 in
938 922 1146 1024 Bulgariam

70 1042 393 1140 transmigrarent,
413 1067 458 1115 ue
474 1042 605 1132 Turci,
624 1043 654 1116 ei
676 1057 994 1143 persequerentur,
1016 1042 1053 1115 iu
1078 1038 1147 1113 de-

70 1159 238 1258 populata
261 1146 409 1258 regione
431 1158 604 1258 pabulum
625 1158 692 1234 sibi
720 1160 939 1260 reperirent.
961 1158 1060 1231 Diris
1079 1183 1147 1231 ru·

69 1276 233 1348 moribus
247 1276 459 1377 rumigeruli
474 1276 616 1351 comitis
624 1279 767 1377 sparsis,
782 1276 946 1377 obrepsit
957 1277 994 1350 iu
1009 1275 1147 1376 populo

70 1395 133 1464 Dei
156 1395 367 1468 rnoestitudo
388 1394 660 1471 inaestimabilis.
688 1395 780 1468 Nam
801 1395 960 1495 episcopi
980 1410 1017 1467 et
1038 1391 1147 1467 abba·

72 1528 123 1584 tes
139 1528 175 1583 ct
203 1510 402 1610 presbyteri
426 1539 519 1613 pene
542 1512 665 1588 triduo
685 1541 705 1587 a
730 1512 898 1615 precibus
921 1528 959 1586 et
981 1509 1147 1586 laudibus

69 1628 134 1698 Dei
154 1645 398 1715 cessaverunt,
422 1646 458 1700 et
475 1628 664 1728 profundis
682 1627 879 1729 gemitibus
901 1626 1143 1727 suspirabant.

69 1745 290 1842 imperator,
319 1745 424 1816 nimis
445 1744 612 1818 credulus
633 1739 754 1819 verbis
769 1745 1020 1833 Carnuteusis,
1042 1742 1144 1818 Con-

69 1860 341 1958 stantinopolim
357 1886 520 1933 reversus
530 1878 598 1954 est,
613 1878 650 1935 et
659 1861 775 1962 gloria
790 1862 952 1935 victorioe
966 1877 1003 1934 et
1016 1861 1146 1933 trium·

68 1976 131 2076 phi
159 1978 203 2049 dc
231 1980 358 2051 Turcis
379 1977 551 2052 divinitus
571 1981 669 2070 aliis,
691 1981 753 2080 qui
787 1979 947 2081 legitime
976 1994 1145 2053 certave-

69 2112 172 2184 rant,
191 2112 367 2167 reservata
386 2112 451 2168 est.
469 2096 597 2170 Franci
610 2097 719 2170 nimis
735 2098 838 2170 inriti
851 2094 1143 2187 revertebantur,

67 2230 104 2285 et
129 2216 347 2286 amarissime
371 2213 674 2288 lamentabantur.
697 2215 805 2288 Multi
829 2216 937 2289 etiam
963 2240 983 2289 e
1006 2239 1145 2315 paupe·

69 2329 170 2402 ribus
187 2334 387 2430 peregrinis
403 2333 531 2431 passim
543 2330 808 2407 moriebantur.

119 2446 252 2536 Cnido,
267 2448 360 2518 filius
369 2447 544 2522 liodberti
557 2449 761 2540 Guiscardi,
773 2476 841 2549 pno
851 2466 970 2524 morte
979 2449 1101 2522 fratris
1108 2465 1147 2523 et

69 2567 268 2636 amicorum
295 2566 408 2638 multa
435 2567 591 2641 lamenta
614 2567 744 2655 edidit,
768 2569 962 2671 pluresque
980 2585 1087 2643 notos
1110 2583 1147 2642 et

69 2699 260 2755 extraneos
279 2685 314 2754 in
336 2683 508 2781 lacrymas
524 2685 676 2774 excivit,
695 2702 731 2759 et
749 2688 785 2760 iu
801 2688 931 2761 itinere
946 2688 982 2761 in
1000 2684 1147 2787 Stepba·

69 2828 158 2873 num
175 2802 328 2874 corn'itia
343 2801 456 2874 multa
470 2803 644 2876 evomuit.
658 2803 813 2877 Coactus
827 2820 967 2895 tomen,
983 2830 1067 2878 cum
1081 2804 1148 2877 im·

69 2935 237 3018 peratore
253 2919 400 3018 aliisque
416 2919 708 3011 auxiliatoribus,
728 2922 839 2994 tristis
858 2922 1044 2995 remeavit.

118 3037 314 3108 Bellatores
344 3037 431 3126 Dei,
461 3038 522 3137 qui
557 3040 594 3112 in
623 3036 714 3112 urbe
747 3036 1003 3140 agonizabant,
1031 3054 1148 3115 totam

68 3182 169 3252 spem
196 3181 294 3224 suum
325 3154 360 3225 iu
385 3157 550 3253 superuis
575 3155 867 3245 collocaverunt,
893 3154 995 3228 etde
1022 3155 1144 3228 lancea

67 3273 214 3344 Domini
241 3271 491 3370 disquaerenda
507 3271 722 3346 fiducialiter
738 3272 997 3345 tractaverunt.
1021 3275 1063 3345 lu
1079 3298 1145 3347 ec-

67 3389 208 3463 clesiam
231 3390 341 3488 igitur
360 3389 478 3461 Sancti
506 3390 603 3463 Petri
630 3406 779 3462 veritum
805 3404 877 3476 est,
907 3387 1031 3489 ibique
1057 3388 1142 3461 dili-

65 3525 194 3607 geutcr
215 3524 341 3579 notato
364 3506 445 3580 loco
461 3504 595 3580 diutius
620 3506 703 3581 iude
724 3506 937 3579 altercatum
955 3521 1021 3579 est.
1040 3505 1143 3579 'l'an-

62 3624 147 3695 dem
166 3627 384 3722 praeraleutc
407 3624 652 3724 plurimorum
678 3624 873 3713 sententia,
897 3620 1072 3697 tredecim
1088 3623 1142 3721 (r)

64 3741 253 3814 laboriosis
271 3761 306 3813 ct
320 3743 476 3815 strenuis
489 3741 698 3848 horninibus
712 3742 851 3817 curiose
866 3740 989 3817 fodere
1003 3742 1141 3843 jussum

63 3899 186 3908 --.-

98 3977 138 4043 (ι)
153 3974 232 4027 Cetu·
247 3973 412 4029 ducourertc
426 3984 476 4028 eut
491 3972 548 4027 lieu
562 3973 587 4028 le
606 3976 636 4040 rf
646 3973 725 4045 juin,
742 3973 852 4029 suivant
864 3972 960 4028 rtem
973 3970 1140 4028 Tudebode.

63 4067 191 4119 D‘autrcs
210 4066 233 4118 la
250 4065 359 4137 placent
377 4066 401 4119 lc
420 4065 451 4120 18
466 4065 505 4120 du
519 4065 610 4122 meme
624 4067 705 4121 mois.
720 4062 815 4138 Voyez
830 4063 899 4120 daus
914 4062 1002 4119 llaoul
1015 4062 1051 4117 dc
1064 4064 1140 4119 Cacn

61 4160 130 4225 fris)
150 4156 187 4208 les
206 4157 351 4210 uscullcnts
370 4160 592 4215 ruisouucnrcnts
610 4158 644 4213 dc
662 4156 805 4213 Boeotorul
825 4168 923 4213 contre
938 4156 1142 4211 l'antlrentiriu'·

63 4250 98 4300 dr
112 4249 134 4300 la
152 4258 238 4300 sautu·
256 4250 341 4300 latu-r
