3046 5244
229 452 267 518 ll
501 453 683 513 lllS'l'OlllA
705 452 1007 516 Eecttusttsrrcs.

227 583 263 654 in
281 578 414 680 oppido
428 606 492 654 suo
503 584 701 656 construxit
715 585 730 680 (
738 586 790 681 ι),
811 581 932 684 ibique
947 581 1139 657 monachos
1152 581 1286 657 consti·

230 701 314 789 tuit,
330 715 367 772 et
384 701 547 775 omnium
562 703 611 775 eis
630 727 753 775 rerum
769 728 913 776 suarum
928 701 1082 776 decimas
1095 701 1257 775 donavit.

275 815 472 892 liutbertus
489 835 622 904 autam,
642 818 785 892 Ricardi
803 819 914 908 lilius,
933 821 1149 906 Rostrum,
1175 817 1286 893 filiam

227 932 418 1009 Christiani
432 934 476 1008 de
493 934 702 1010 valencenis
720 939 774 1036 (a)
793 938 939 1012 illustris
958 937 1116 1025 tribuni,
1135 961 1286 1011 tuorem

226 1050 347 1139 duxit,
379 1079 460 1154 quae
486 1055 565 1128 viro
585 1080 650 1128 suo
674 1054 897 1129 Gualterium
918 1073 954 1128 et
972 1055 1158 1154 llugonem
1180 1070 1288 1154 atque

226 1171 423 1244 Beatricem
436 1172 590 1270 peperit.
608 1172 777 1247 Proesatus
791 1173 908 1268 heros,
922 1173 1205 1272 consanguineus
1217 1172 1288 1245 du-

226 1289 288 1375 cis,
301 1313 443 1387 semper
455 1289 487 1361 ei
501 1286 614 1362 fidelis
624 1291 756 1377 extitit,
767 1307 895 1365 etcum
905 1291 968 1365 illo
978 1291 1173 1389 precipua,
1184 1290 1290 1363 coeti-

225 1403 292 1477 bus
303 1407 373 1479 suis
386 1407 548 1505 stipatus,
570 1409 605 1483 in
621 1408 718 1481 bello
733 1409 887 1510 Anglioo
901 1408 1107 1482 discrimina
1122 1407 1285 1506 pertulit.

225 1519 375 1610 Verum,
391 1538 580 1622 postquam
597 1549 753 1625 regnum
764 1543 928 1626 pacatum
942 1539 1008 1612 est,
1024 1539 1061 1597 et
1073 1521 1289 1597 Guillelmus

226 1642 406 1739 regnavit,
425 1640 620 1715 Gnlbertus
637 1646 742 1743 (rege
759 1646 888 1717 multas
902 1645 938 1716 in
956 1642 1083 1741 Anglia
1097 1641 1290 1739 possesio-

226 1781 287 1830 nes
300 1756 490 1854 ollerente)
507 1758 708 1832 Neustriam
722 1761 885 1859 repetiit,
906 1759 1134 1857 legitimaque
1151 1755 1288 1855 simpli·

225 1874 330 1946 citute
345 1872 505 1971 pollens,
525 1872 570 1947 de
591 1877 714 1975 rapina
735 1875 931 1976 quidquam
949 1871 1128 1973 possidere
1152 1872 1285 1945 noluit.

224 1990 302 2063 Suis
315 2007 522 2079 contentus,
541 1992 657 2066 aliena
672 1995 826 2093 respuit,
846 1991 1031 2093 liliumque
1043 2017 1147 2064 suum
1160 1991 1290 2090 llugo·

226 2132 308 2180 irem
330 2109 572 2184 ecclesiasticae
589 2109 787 2211 disciplinae
803 2109 869 2184 sub
893 2110 1099 2209 magisterio
1122 2107 1287 2181 Mainerii

224 2223 361 2298 abbatis
384 2226 420 2299 in
447 2227 604 2301 Uticensi
623 2231 841 2303 monasterio
866 2228 1014 2301 devotus
1030 2225 1175 2300 obtulit.
1198 2226 1290 2297 Cum

224 2344 388 2443 religiosa
415 2348 586 2445 conjuge,
603 2373 685 2447 quae
709 2347 893 2420 Mathildis
915 2348 1049 2445 reginae
1073 2343 1290 2417 consobrina

224 2477 318 2549 erat,
336 2459 396 2533 diu
415 2464 523 2550 vixit,
538 2479 574 2535 et
588 2465 820 2561 eleemosynis
832 2492 873 2536 ac
887 2464 1124 2551 orationibus,
1142 2446 1291 2563 aliisqoe

223 2576 328 2650 bonis
342 2577 511 2677 operibus
524 2580 690 2680 usquead
704 2582 810 2654 linem
825 2581 1051 2655 landabiliter
1059 2579 1207 2653 studuit.
1224 2577 1292 2651 Ve-

225 2694 395 2769 nerabilis
419 2712 537 2770 antem
564 2698 706 2771 Beatrix
736 2714 815 2796 post
839 2698 979 2772 obitum
1006 2700 1073 2770 viri
1097 2697 1150 2771 sui
1176 2694 1292 2768 tribus

224 2814 327 2884 aunis
340 2814 553 2911 supervixit,
569 2830 603 2886 et
620 2816 655 2887 in
672 2832 791 2888 sancta
809 2817 1032 2888 consessione
1049 2831 1091 2890 n·
1107 2839 1219 2887 rionas
1232 2816 1293 2911 ja-

226 2932 340 3001 nuarii
356 2928 459 3003 obiit.

272 3048 475 3122 Gualterins
502 3074 587 3123 vero
613 3075 703 3150 puer
723 3052 885 3151 elegans,
912 3051 971 3123 sed
999 3075 1125 3148 parum
1152 3049 1294 3148 sapiens

223 3165 309 3254 luit,
328 3181 365 3240 et
378 3166 428 3239 ob
450 3165 517 3240 hoc
534 3166 770 3256 Godmnnilo,
791 3167 939 3268 aliisque
954 3166 1087 3239 dolosis
1111 3162 1294 3238 tutoribus

225 3284 321 3356 ultro
351 3281 537 3384 subjacuit.
575 3286 786 3359 Societatem
818 3284 1040 3358 nebulonum
1069 3283 1294 3355 familiariter

224 3399 290 3477 sibi
313 3403 454 3492 ascivi13
489 3430 645 3505 quorum
678 3382 809 3479 nefaria
841 3404 1067 3504 persuasione
1101 3418 1291 3502 paternum

224 3519 399 3594 honorem
443 3524 653 3623 insipienter
689 3523 919 3622 dilapidavit,
957 3540 993 3595 et
1026 3518 1221 3594 monachos
1252 3544 1295 3592 ac

224 3639 391 3726 clericos,
409 3641 656 3742 legitimosque
686 3644 834 3715 colonos
862 3641 1001 3740 injuriis
1027 3638 1157 3711 crebro
1187 3636 1294 3709 illatis

258 3894 266 3953 l
274 3892 298 3955 a)
312 3887 433 3943 tumst
447 3888 522 3961 plaqa
537 3902 609 3944 sette
620 3889 705 3961 eglise
718 3908 781 3943 sous
794 3891 818 3942 la
833 3888 1010 3962 depruriunt-i·
1021 3891 1056 3941 ‹lr
1069 3888 1191 3958 l'alilnye
1204 3887 1240 3939 «ὀ
1255 3887 1291 3941 la

226 3979 337 4035 llataills·
367 3979 459 4052 l'oyea
478 3979 546 4035 «lans
559 3979 584 4033 le
596 3982 686 4034 utimr
699 3980 801 4037 mil
816 3982 826 4049 ί
837 3999 854 4052 p
878 3977 946 4045 fluo)
956 3981 979 4035 lu
1000 3981 1096 4034 ctnrn·
1109 3984 1122 4031 i
1137 3998 1168 4033 ce
1181 3987 1253 4047 sujrt
1265 3988 1293 4031 et

223 4069 305 4125 celles
313 4069 349 4125 tle
361 4086 401 4126 trs
414 4088 593 4125 succensura.

258 4162 299 4230 (a)
318 4161 528 4218 Valentis-anri.
546 4164 626 4215 (latta
647 4159 727 4215 denar
746 4166 813 4215 &tait
833 4161 1040 4233 protulit-nient
1063 4178 1148 4214 irnur
1166 4179 1201 4213 ru
1221 4157 1291 4211 Nor·

226 4252 334 4306 ruanilir
349 4274 407 4307 atat
424 4254 448 4309 la
460 4255 594 4311 slrrrbrttt·
607 4250 750 4308 llatlnlrlr.
