3046 5244
224 499 263 560 tt
503 499 684 560 tttstottta
706 499 1007 560 Eccttstasttca.
1105 504 1193 579 [aare
1209 505 1285 582 560]

226 647 333 703 tustas
355 648 542 704 memorat.
572 631 662 703 Nam
681 633 857 730 geminam
877 632 1016 730 prolem
1033 634 1187 730 potentis
1207 632 1283 706 lteri

225 773 323 819 mors
338 749 526 820 immatura
543 749 620 820 sine
630 747 838 845 baptismate
852 764 1038 845 rapuerat3
1050 747 1144 821 unde
1154 749 1288 821 nimius

225 864 333 938 dolor
346 880 517 966 utrosque
529 881 692 963 potentes
703 865 890 938 invaserat.
907 865 1083 937 Martinus
1094 881 1228 953 autem,
1241 864 1287 938 ab

226 983 354 1080 Anglia
375 1008 554 1071 reversus,
573 984 704 1054 amicos
720 982 880 1081 lugentes
896 982 1052 1068 invenit,
1071 982 1288 1055 consolatio-

228 1124 310 1171 nem
342 1125 362 1172 e
386 1102 484 1174 coelo
508 1100 690 1200 quaesivit,
716 1101 852 1170 meritis
876 1116 913 1172 et
936 1097 1100 1197 precibus
1124 1099 1289 1198 geminos

229 1217 310 1287 vitae
327 1214 498 1300 iedditttt,
519 1241 649 1316 eosque
672 1217 706 1287 in
732 1216 949 1314 patrimonio
971 1213 1179 1288 eorumdem
1203 1239 1287 1287 mo-

228 1330 359 1407 nachos
378 1332 454 1404 Deo
478 1332 620 1404 dicavit.
647 1331 847 1432 Antiquom
864 1330 909 1404 ab
929 1347 1057 1404 eventu
1073 1329 1188 1404 eidem
1207 1331 1290 1403 vioo

228 1475 359 1522 nomen
385 1474 495 1549 usqne
522 1448 625 1521 bodie
648 1466 869 1548 perseverat,
897 1465 933 1523 et
958 1451 1081 1549 ingens
1104 1449 1290 1548 congeries

230 1563 387 1663 lapidum
411 1565 447 1636 in
468 1563 706 1637 fundamentis
727 1564 959 1638 aedificiorum
978 1581 1015 1637 et
1035 1565 1147 1637 ruinis
1166 1588 1285 1637 mace-

229 1682 365 1752 riarum
387 1678 529 1751 evidens
549 1681 792 1754 testimonium
807 1680 869 1754 dat
887 1680 983 1781 quod
1003 1706 1142 1780 magnae
1162 1677 1289 1778 digni-

229 1797 309 1867 tatis
321 1796 507 1869 hominum
525 1796 695 1870 habitatio
711 1799 936 1896 Bajocensem
952 1824 1081 1896 pagum
1096 1797 1290 1869 illustsave·

231 1913 292 1983 rit.
311 1910 492 2002 Ebrullus,
503 1910 618 1984 adhuc
629 1911 762 1985 divitiis
772 1931 808 1985 et
819 1913 1014 1987 honoribus
1027 1930 1153 2012 potens
1165 1913 1289 1998 laicus,

231 2033 366 2128 prelati
402 2042 461 2127 tut
495 2029 642 2127 dicunt)
674 2031 831 2104 coenobit
866 2031 1143 2105 constructionis
1178 2030 1291 2101 astina

231 2165 442 2245 cooperator
461 2147 619 2220 idoneus.
633 2149 844 2247 incipientes
858 2150 957 2220 enim
969 2148 1118 2220 consilio
1130 2144 1288 2244 adjuvit,

234 2265 432 2336 haesitantes
456 2264 724 2348 cormboravit,
741 2265 868 2365 opibus
884 2283 921 2338 et
935 2263 1071 2352 lundis,
1098 2263 1292 2362 multisque

233 2381 346 2454 modis
369 2407 425 2454 aes
451 2407 567 2479 nuper
587 2383 761 2480 incoeptas
784 2383 1038 2481 augmentavit.
1070 2379 1123 2451 td
1147 2395 1292 2478 postre-

234 2525 333 2569 mum
347 2495 516 2570 omnibus
529 2497 699 2583 umatus,
718 2498 764 2570 ibi
780 2526 816 2570 sc
829 2499 1024 2586 abdicavit,
1039 2521 1214 2598 verusque
1227 2495 1292 2567 Dei

236 2640 369 2711 pauper
397 2612 597 2685 monachile
620 2613 757 2686 schema
781 2614 912 2688 ibidem
933 2616 1103 2713 suscepit,
1129 2631 1167 2686 et
1184 2613 1296 2685 samis

233 2729 447 2803 obolientiae
462 2730 538 2802 Deo
551 2729 736 2818 militavit,
756 2749 792 2804 et
809 2731 1031 2805 intuentibus
1045 2731 1212 2829 exemplo
1227 2753 1295 2803 oo-

236 2848 401 2920 micavit.

286 2995 304 3029 u
325 2963 457 3036 terum
467 3019 478 3052 ,
496 2990 578 3037 cum
593 2963 642 3037 ob
656 2965 850 3036 sanctitatis
866 2966 1016 3062 gratiam
1034 2965 1199 3060 coepisset
1220 2962 1297 3061 glo·

238 3081 349 3154 nonus
365 3085 544 3155 consessor
561 3081 730 3153 Ebrulsus
746 3109 765 3153 a
782 3081 951 3152 iratribus
965 3078 1159 3166 honorari,
1176 3106 1297 3151 casum

237 3198 398 3269 clationis·
412 3215 572 3270 metucns
595 3198 796 3277 incurrere,
817 3198 935 3269 accitis
949 3222 1067 3269 secum
1086 3193 1200 3267 tribus
1213 3220 1298 3267 mo-

238 3312 374 3399 nachis,
398 3342 487 3412 quos
504 3314 568 3385 sibi
591 3314 755 3386 familiari
781 3314 1020 3386 collocutione
1037 3314 1295 3411 conjunxerat,

238 3449 273 3500 et
291 3429 333 3501 acl
359 3430 392 3501 id
412 3433 639 3529 perfectionis
662 3448 840 3503 certamen
859 3433 1098 3528 promptiones
1115 3455 1299 3529 cognove-

240 3564 311 3633 1at,
333 3564 456 3645 utpote
476 3547 582 3621 solius
600 3550 662 3620 llci
690 3547 982 3645 contemplationi
1007 3547 1130 3619 solens
1156 3547 1299 3618 incum-

238 3662 343 3751 bere,
370 3691 505 3736 summa
530 3692 610 3737 cum
640 3664 825 3736 velocitate
851 3660 983 3733 studuit
1004 3688 1164 3734 euentum
1186 3686 1300 3761 expe-

241 3799 327 3854 tere.
359 3816 375 3846 n
404 3780 471 3873 Qui
501 3808 564 3879 per
594 3783 817 3851 Oximcnsem
848 3804 976 3876 pagum
1007 3780 1042 3850 in
1075 3779 1212 3864 locum,
1235 3779 1298 3878 qui

242 3898 509 3973 Montis-Fortis
520 3897 651 3969 dicitur
666 3918 672 3957 t
687 3900 734 3989 ι),
751 3911 938 3979 venerunt,
956 3894 1088 3995 ibique,
1101 3897 1183 3996 quia
1201 3895 1301 3968 locus

244 4078 439 4090 ι--ι--α
476 4078 483 4084 -
512 4076 544 4085 ιι-
583 4078 592 4083 -
624 4078 627 4083 ·
688 4075 790 4084 ινα-ιο.
817 4074 882 4082 .-.-
897 4074 1102 4084 --ι------

277 4192 285 4241 l
293 4207 300 4239 t
332 4183 537 4239 Salat-livinitlt
556 4181 591 4233 ilc
606 4179 739 4233 unium
753 4198 768 4229 s
782 4197 836 4231 sans·
848 4178 1011 4231 ‹kant-liene
1025 4198 1058 4232 iu
1075 4178 1145 4232 nim!
1165 4180 1200 4233 ὼ
1211 4180 1299 4233 (Μ,

245 4280 264 4325 ll
280 4282 379 4345 pan-it.
398 4277 504 4348 «t'spits
522 4294 552 4325 te
573 4290 698 4343 passage,
724 4288 777 4339 quc
799 4269 858 4335 ἀφ
872 4290 886 4325 a
901 4268 1025 4339 l‘qaiqns·
1038 4274 1073 4320 nis
1091 4272 1204 4323 «etsist
1220 4281 1301 4325 uotae
