3046 5244
225 434 283 493 ns
500 424 684 486 ιιιιτοιιιι
705 422 1019 485 acctestasrrcs.
1186 424 1286 505 [riso]

223 563 320 637 enim
336 561 488 658 gretiam
504 572 540 632 et
555 558 766 656 sapientiam
784 557 820 631 in
837 554 969 630 divinis
984 554 1214 631 sermonibus
1229 554 1286 631 bs·

224 675 324 765 buit,
350 692 386 750 et
409 700 475 776 per
497 700 561 750 νιιι
586 673 661 748 dies
682 673 948 774 hospitalitatis,
975 673 1147 749 instinctu
1168 672 1286 749 Amal-

227 796 292 869 rici
311 795 460 895 prioris,
478 791 766 868 exhortationem
780 790 950 867 omnibus
971 792 1007 866 in
1027 790 1185 865 claustro
1199 788 1286 867 exhi

227 910 327 1001 huit,
348 910 700 1011 benivolentiamque
718 910 826 985 totius
845 924 1042 998 conventus
1063 933 1137 982 non
1157 908 1235 1008 jam
1256 926 1286 983 tn

225 1028 354 1117 bostis,
379 1028 440 1103 sed
462 1043 503 1102 ut
528 1027 641 1103 tidelis
661 1029 794 1103 amicus
815 1027 988 1101 obtinuit.
1008 1024 1190 1099 Guarinus
1209 1048 1286 1127 erg(

225 1144 335 1220 abbas
350 1146 538 1245 epistolam
552 1141 766 1219 verres-abilis
779 1140 952 1218 Bernardi
967 1139 1106 1215 abbatis
1121 1140 1286 1241 protulit

225 1290 334 1364 quam
351 1263 580 1339 Resbaeensis
597 1277 796 1338 conventus
813 1258 970 1335 libenter
989 1258 1161 1357 suscepit,
1179 1272 1219 1331 et
1231 1282 1286 1331 sn

225 1378 298 1455 dita
314 1378 486 1454 libentius
499 1379 683 1477 complere
695 1377 867 1451 decrevit.
883 1374 1084 1475 Stephanus
1092 1372 1286 1449 Parisiensi

226 1498 412 1597 episeopus
428 1499 503 1593 (r),
528 1512 564 1569 et
586 1493 812 1569 Burchardus
834 1491 1026 1569 Meldensis
1041 1491 1229 1591 episcopus
1243 1492 1286 1589 (η

230 1630 321 1690 nutu
339 1614 404 1688 Dei
425 1611 593 1699 aderant,
618 1631 655 1686 et
673 1611 910 1687 Resbacenses
927 1625 967 1683 ut
983 1611 1140 1687 caritatis
1157 1624 1286 1685 nectam

231 1732 411 1805 Uticenses
441 1729 707 1820 exhilararent,
736 1729 871 1805 obnixe
898 1728 1155 1805 admonebunt.
1186 1727 1286 1828 lgitu

199 1896 208 1911 ·
230 1845 473 1921 annuentibus
496 1849 634 1922 cunctis
655 1844 729 1921 dies
753 1846 799 1920 ab
821 1848 998 1947 episcopis
1021 1845 1209 1933 indicitur,
1229 1870 1286 1947 qu

230 1963 432 2038 multorum
452 1965 604 2064 pignora
625 1981 830 2039 sanctorum
849 1962 899 2038 ihi
915 1963 1058 2039 detenta
1083 1964 1221 2063 puriter
1236 1986 1286 2039 ex·

232 2079 476 2168 traherentur,
499 2081 653 2179 populus
678 2096 784 2154 terrae
806 2079 884 2155 haec
900 2082 1041 2154 visurus
1059 2102 1286 2180 congregare

232 2212 306 2287 tur,
325 2214 363 2272 et
377 2198 568 2297 multiplici
586 2196 836 2273 bersedictione
851 2197 1084 2273 confirmatus
1100 2194 1286 2271 loetiliouo

233 2332 308 2406 tur,
333 2342 374 2389 ac
395 2313 624 2415 postmodum
649 2314 835 2395 Uticenses
856 2329 978 2414 optata
1001 2314 1246 2413 susciperent,
1267 2336 1286 2387 e

232 2431 283 2507 sic
300 2433 448 2530 propris
467 2433 677 2505 reviserent.

282 2549 399 2623 Porro
426 2549 560 2623 Natalis
591 2547 700 2621 abhas
732 2547 923 2622 consilinm
953 2562 1091 2634 mutat,
1122 2540 1286 2623 Utinenfl

235 2662 436 2738 mobilitate
452 2681 591 2737 versuta
608 2663 731 2739 turbat
737 2719 748 2753 ,
768 2663 891 2740 dicens
907 2664 1006 2765 quod
1022 2665 1089 2738 nisi
1103 2660 1286 2739 Tedbstds

236 2807 354 2857 comes
375 2781 607 2870 concederet,
635 2809 821 2883 nunquam
844 2808 884 2856 ea
911 2809 994 2884 quse
1016 2798 1217 2857 conventus
1237 2806 1286 2859 n

237 2915 365 2975 onerat
378 2898 550 2975 traderet.
570 2902 686 3000 Igitur
702 2902 888 2975 communi
905 2898 1057 2974 consilio
1075 2900 1113 2974 in
1131 2898 1286 2975 noma

238 3016 336 3089 niam
353 3013 432 3089 Odo
449 3015 625 3089 Utioeusis
641 3014 686 3088 ad
704 3018 874 3089 comitem
888 3016 1061 3103 mittitur,
1080 3015 1143 3114 qni
1161 3030 1286 3089 tunes

238 3131 457 3205 avunculum
481 3158 584 3205 suum
604 3133 802 3209 llenricum
819 3158 940 3232 regem
968 3133 1079 3221 ierat,
1096 3146 1137 3204 ut
1162 3156 1286 3207 cumo

240 3246 463 3349 loquetetur.
484 3246 662 3322 Obediens
678 3249 873 3325 monachus
892 3248 1073 3323 difficilem
1096 3248 1192 3323 viem
1213 3248 1286 3325 mi

239 3365 331 3463 puit,
344 3367 584 3465 comitemque
594 3392 758 3467 sequeus,
771 3366 983 3442 l'ernornun
998 3367 1056 3463 (3)
1071 3367 1286 3455 venit,an

239 3508 311 3582 que
322 3500 498 3557 secretum
516 3485 614 3582 prius
628 3485 724 3585 regi,
741 3486 951 3585 utjnvaret,
966 3482 1115 3557 detexit.
1133 3482 1209 3557 llex
1221 3506 1286 3557 ves·

240 3599 494 3673 auxiliaturum
518 3626 555 3673 se
579 3603 629 3675 illi
652 3602 859 3701 pollicetur,
882 3603 1125 3702 comitemque
1140 3614 1286 3701 nepote

277 3808 318 3877 (ι)
335 3797 465 3871 Ειιωιιι,
484 3812 603 3881 premier
616 3809 654 3863 (lu
669 3830 750 3877 srosn,
768 3814 870 3889 esuque
886 3812 922 3867 dc
938 3813 1016 3869 Paris
1028 3833 1064 3869 cn
1085 3818 1165 3881 rial,
1181 3814 1286 3869 senes

242 3897 399 3953 chancelier
416 3896 451 3951 ‹le
471 3898 575 3953 Franco
590 3920 625 3955 en
648 3900 814 3977 trith-tuq,
835 3914 863 3958 et
881 3914 994 3960 mourut
1011 3923 1066 3959 nsru
1085 3922 1133 3979 pss
1148 3902 1174 3959 le
1189 3899 1227 3959 So
1241 3902 1286 3977 jul

243 3988 280 4042 let
293 3992 373 4053 islo,
387 4004 495 4041 comme
507 3988 531 4039 n·
541 3988 582 4042 dit
593 3990 734 4045 l'llistoirc
743 3990 792 4045 des
802 3992 916 4047 (irensis
930 3991 1057 4048 officim
1066 3991 1101 4047 de
1112 3992 1136 4047 lt
1147 3992 1286 4049 Coum

243 4081 312 4132 mais
325 4076 350 4129 Ιι·
361 4076 380 4129 6
393 4082 446 4131 mai
465 4082 537 4141 urla.
561 4079 581 4132 ll
600 4082 665 4134 ctait
685 4080 726 4133 tils
742 4080 777 4135 de
793 4082 851 4137 Gui
869 4082 903 4137 sle
921 4083 1025 4149 Sentis,
1041 4084 1162 4157 premier
1173 4080 1213 4137 <ln
1229 4100 1286 4139 nou

244 4170 373 4237 seigneur
386 4167 424 4222 du
439 4167 573 4223 (Ibantllli
586 4181 613 4223 rt
630 4170 872 4227 ‹theon-nantilla.

279 4264 320 4321 (a)
332 4258 490 4321 llurchnd,
505 4260 609 4333 ιἰἰηιιο
621 4260 656 4315 sle
672 4262 769 4317 lleaus
782 4268 806 4325 (ι
816 4266 900 4327 sao-l
910 4263 1017 4334 jansicr
1033 4259 1113 4327 urbii

277 4345 317 4417 (3)
332 4346 619 4405 ternos-sonneiis«
