3046 5244
225 402 335 479 [rara]
601 396 717 459 narn
737 396 926 460 omarus.
1234 398 1295 461 aaa

224 528 339 618 arcia,
366 550 437 627 qua
466 551 588 601 carere
618 528 755 618 noluit,
790 552 842 602 rra
870 527 980 601 libras
1005 526 1088 602 duci
1118 530 1293 631 erogarit.

226 642 381 742 Recepta
408 667 492 715 vero
518 643 631 735 turri,
657 641 889 742 praesidatum
915 641 1022 717 lbreii
1047 669 1115 743 pro
1137 642 1293 719 vindicta

224 760 355 836 Goello
372 759 538 848 abstulit,
561 777 597 835 et
618 760 788 835 omnibus
804 759 931 849 rebua,
955 786 1042 863 quaa
1064 759 1132 834 sub
1154 786 1215 834 aua
1238 760 1296 834 di-

228 878 327 953 tione
344 876 516 966 habebat,
535 902 617 951 eum
634 878 813 979 spoliavit.
832 877 919 952 lnde
931 876 1112 952 diutinum
1127 879 1223 952 inter
1235 902 1297 951 eos

227 994 365 1069 bellum
377 995 462 1082 luit,
482 997 617 1095 rapinis
634 995 896 1097 incendiisque,
916 1022 998 1069 cum
1012 994 1171 1070 caedibua
1184 993 1297 1069 bomi-

229 1136 338 1197 num,
362 1112 478 1184 vicina
504 1114 605 1212 regio
633 1112 736 1185 luxit.
764 1111 968 1185 Almaricua
989 1110 1034 1185 de
1059 1112 1294 1198 Montelorti,

226 1229 290 1330 qui
308 1227 427 1300 Fortis
449 1228 788 1327 cognominabatur,
808 1254 876 1328 pro
893 1229 1026 1303 virtute
1042 1254 1113 1331 qua
1130 1228 1294 1330 vigebat,

226 1362 264 1419 et
281 1347 419 1419 cunctis
439 1344 620 1436 affinibus,
644 1347 705 1447 qui
729 1372 827 1421 secur
850 1371 933 1420 eum
959 1344 1293 1434 commorabantur,

226 1460 370 1535 audacia
396 1479 432 1535 et
454 1464 594 1537 feritate
616 1463 853 1538 formidabilia
875 1480 972 1553 erat,
994 1462 1082 1538 (lum
1105 1466 1296 1539 interram

225 1578 410 1653 Guillelmi
429 1581 659 1654 Bretoliensis
672 1599 713 1656 ut
724 1582 783 1656 leo
795 1583 944 1655 soeriena
958 1584 1131 1671 irrueret,
1149 1597 1186 1655 et
1201 1581 1298 1655 aolus·

223 1710 352 1771 contra
376 1694 466 1768 duos
490 1696 621 1769 milites
644 1714 826 1770 certamen
850 1696 977 1786 iniret,
1002 1695 1049 1769 ab
1074 1721 1148 1770 uno
1168 1720 1297 1771 eorum

228 1812 350 1887 lancea
379 1815 414 1886 in
439 1812 549 1887 latere
571 1839 756 1911 percussus
781 1830 853 1903 eat,
879 1815 1029 1915 ipsoque
1051 1811 1109 1885 die
1132 1829 1297 1885 mortuus

228 1947 293 2005 ert.
315 1930 396 2023 Quo
416 1930 605 2020 defuncto,
630 1931 802 2006 Ricamlua
823 1933 936 2005 trater
954 1932 1029 2032 ejus
1047 1931 1206 2031 patrium
1229 1928 1298 2003 bo-

231 2072 361 2123 norem
379 2048 527 2146 adeptus
543 2065 614 2136 est,
635 2064 672 2120 et
687 2049 884 2147 perniciem
902 2048 1065 2147 germani
1082 2072 1190 2146 super
1202 2044 1301 2118 Guil-

231 2164 389 2239 lermum
407 2165 527 2239 ulcisci
544 2191 773 2265 cummopere
789 2164 937 2239 molitus
953 2181 1005 2238 est
1022 2168 1038 2262 (
1063 2166 1091 2259 )

280 2276 1296 2380 (1091.)llobertusduxGialcberto,lngenullideAquila

232 2394 311 2469 lilio
320 2397 393 2493 (τι),
408 2397 590 2483 militaria,
605 2398 779 2497 quoniam
792 2396 896 2470 valde
907 2395 1043 2496 probus
1055 2412 1145 2484 erat,
1158 2396 1299 2470 servitia

233 2512 366 2587 crebro
388 2514 556 2613 injunxit,
575 2517 679 2615 eique
697 2542 767 2615 pro
782 2516 1087 2602 remuneratione,
1104 2515 1302 2614 patriaeque

234 2629 1303 2732 tuitione,castrumdeEximiis(3)donarit.Undellobertns

233 2744 482 2820 bellesmensis
497 2749 579 2822 selle
595 2749 720 2823 livoris
736 2766 773 2822 et
791 2750 855 2822 irae
878 2763 1081 2823 commotus
1101 2748 1299 2821 exercitum

235 2865 463 2964 aggregarit,
490 2869 587 2939 etin
613 2869 729 2965 prima
751 2868 905 2968 januarii
926 2865 1122 2964 septimana
1147 2881 1302 2938 castrum

236 3006 303 3080 per
321 2999 480 3082 quatuor
496 2984 570 3057 dies
590 2984 749 3075 obsedit,
769 3003 806 3059 et
824 2988 919 3059 inter
935 2983 1107 3059 hibernos
1124 2984 1303 3089 imbreset

272 3294 313 3363 (r)
325 3296 449 3361 Amauri,
461 3294 502 3349 dit
513 3296 537 3351 le
548 3297 686 3365 Puirsant,
699 3299 829 3371 seigneur
840 3296 875 3352 de
884 3295 1170 3352 Moutlortl'Amauri
1180 3312 1214 3349 en
1230 3293 1306 3369 1087,

242 3380 325 3438 tude
335 3382 442 3451 Simon,
458 3388 577 3458 premier
590 3387 627 3440 dn
641 3405 718 3447 norn,
728 3397 756 3440 et
768 3386 911 3441 d‘laabrau
921 3385 957 3441 de
966 3386 1081 3457 'freyen
1096 3383 1150 3438 lille
1160 3382 1196 3437 de
1207 3384 1309 3457 llugue

244 3470 371 3528 turdoat.

274 3560 413 3627 llicbard,
432 3567 479 3638 qui
498 3567 537 3620 lui
555 3566 685 3629 succeda,
705 3584 814 3622 comme
826 3565 852 3621 le
864 3564 908 3620 dit
923 3574 1004 3620 notre
1017 3575 1128 3631 auteur,
1146 3563 1242 3619 n‘etait
1254 3580 1310 3636 qne

245 3664 292 3703 ton
305 3649 379 3705 frere
391 3654 576 3726 consanguin,
589 3673 634 3707 car
644 3655 663 3708 il
676 3655 748 3709 arait
758 3672 830 3727 pour
839 3655 914 3708 mere
923 3653 1016 3727 Agnes
1026 3640 1176 3718 d’Erreux,
1191 3648 1310 3705 reconde

245 3752 278 3791 ou
290 3738 432 3793 troisiiune
445 3739 545 3795 lemme
558 3741 593 3795 de
605 3742 701 3797 Simon
715 3743 759 3796 l“.

276 3827 316 3896 (a)
328 3826 486 3895 Gislcbcrt,
501 3830 642 3886 troiailrne
656 3831 697 3886 fin
709 3828 907 3903 d'Engenulle,
921 3829 1052 3901 seigneur
1064 3825 1100 3881 de
1113 3826 1216 3899 [aigle.
1234 3826 1310 3879 Noua

249 3931 326 3969 arona
339 3934 373 3969 iu
386 3917 535 3979 ebdomas,
552 3931 570 3973 t.
587 3920 628 3981 11,
645 3941 671 3993 p.
686 3923 737 3995 7⁴·
754 3920 777 3974 la
791 3929 865 3974 mort
877 3918 997 3973 violente
1009 3916 1044 3971 de
1058 3915 1162 3991 Roger,
1176 3934 1225 3971 aon
1238 3916 1311 3970 lul-rr

250 4001 321 4067 ⁸3⁰&
333 4013 376 4066 ⁹1,
392 4016 411 4057 l·
427 4006 483 4066 lll.
502 4027 527 4076 p.
548 4025 609 4082 ¹97·
624 4009 692 4063 celle
705 4008 740 4063 de
751 4026 801 4063 ton
811 4005 914 4063 recond
926 4005 1000 4061 aare
1012 4004 1126 4065 liiclrrr,
1137 4007 1266 4077 aeigorur
1277 4000 1312 4053 dr

253 4086 353 4164 higle,
365 4094 465 4164 ananl
476 4097 590 4150 srrcrerla
599 4098 755 4163 (lislebert,
769 4116 818 4152 eon
831 4098 1013 4166 lromonyrnr,
1029 4092 1187 4149 tibairiade
1198 4091 1312 4145 lliclrrr.

282 4177 320 4251 (ὅ)
336 4184 371 4235 l.r
389 4183 504 4237 clritrau
519 4185 656 4241 ‹ll-laniem
672 4189 748 4242 {lons
762 4204 880 4260 prnsons
894 4185 962 4259 qu’il
975 4184 1033 4240 lent
1048 4184 1099 4239 lire
1115 4208 1119 4217 ·
1134 4182 1169 4237 dc
1185 4184 1313 4237 lta-imile.
