3046 5244
228 457 265 516 li
503 455 686 517 lllSTOllll
710 457 1013 519 ecctttstssncs.

225 585 366 661 Ricardi
381 586 479 661 ducis
491 613 639 662 uxorem
648 588 764 678 duxit,
775 615 818 663 ex
831 617 898 692 qua
912 587 1134 663 Bernardum
1149 603 1287 686 putrem

224 701 397 776 Gualterii
423 703 466 777 de
490 705 827 780 Sancto-Gualerioo
859 723 896 779 et
921 702 1112 778 Ricardum
1143 701 1189 776 de
1216 704 1289 775 ltu·

225 819 368 918 glevills
399 821 534 921 genuit.
567 820 739 894 Ricardus
768 838 886 895 autem
916 820 997 894 (luci
1031 820 1288 905 Normannioe,

224 936 404 1010 avunculo
416 937 583 1010 videlicet
594 964 672 1026 suo,
689 937 752 1011 diu
763 939 948 1026 militavit,
965 939 1063 1036 cujus
1075 936 1175 1010 dono
1191 934 1291 1009 nobi·

226 1051 296 1125 lem
311 1052 437 1141 Adam,
455 1055 618 1128 Herluini
634 1056 725 1128 senis
740 1053 784 1129 de
798 1055 999 1157 Huglevilla
1012 1054 1189 1139 relictam,
1206 1078 1290 1126 cum

226 1185 303 1243 toto
321 1173 539 1269 patrimonio
560 1175 633 1272 ejus
646 1175 795 1273 accepit.
821 1173 931 1247 Multa
951 1171 1126 1273 siquidem
1145 1169 1220 1243 dux
1238 1169 1288 1242 illi

224 1286 339 1376 dedit,
360 1306 395 1361 et
422 1290 539 1363 multo
558 1293 690 1391 majora
710 1293 893 1391 promisit,
913 1307 951 1364 et
973 1290 1146 1390 promissa
1164 1287 1291 1360 libera·

227 1405 309 1477 liter
324 1406 553 1505 complesset,
566 1411 593 1480 si
608 1408 791 1482 humiliter
804 1407 855 1482 illi
868 1405 1073 1481 famulando
1086 1405 1290 1505 placuisset.

225 1522 291 1594 Hic
321 1548 428 1622 super
454 1522 599 1612 Sedam,
625 1525 661 1598 in
685 1526 782 1613 rico,
806 1525 866 1625 qui
894 1524 983 1598 olim
1001 1520 1208 1595 isnellivilla
1236 1523 1291 1617 (ι)

227 1638 443 1731 vocabatur,
478 1641 634 1742 burgum
668 1644 854 1718 coustituit
866 1699 876 1732 ,
909 1659 945 1715 et
980 1666 1050 1741 pro
1089 1639 1292 1712 imminenti

227 1772 352 1831 monte
368 1759 449 1832 altis
464 1759 551 1860 sagis
572 1759 691 1834 obsito
716 1761 896 1861 llllagium
920 1758 1154 1856 nuncuparit.
1180 1756 1293 1853 leges

226 1875 333 1947 etiam
347 1876 644 1950 cormeliensium
657 1880 712 1975 (a)
728 1879 865 1952 colonis
885 1874 1019 1949 intulit.
1040 1873 1188 1946 Militari
1208 1897 1292 1971 pro·

229 1990 341 2066 bitate
357 2011 393 2066 et
412 1996 547 2095 ingenti
566 1995 778 2068 liberalitate
793 1995 927 2094 riguit,
942 1990 1035 2065 unde
1049 1989 1212 2064 hostibus
1224 1992 1293 2063 lor·

226 2108 412 2182 midabilis
427 2127 464 2184 et
480 2110 570 2185 fidus
585 2113 707 2184 amicis
720 2113 851 2185 extitit.

275 2227 455 2328 Tempore
466 2228 652 2302 Guillelmi
662 2230 803 2328 juvenis
820 2229 890 2326 (3),
909 2225 972 2300 lilii
987 2222 1161 2298 liodberti
1176 2220 1291 2306 ducis,

225 2341 311 2417 (lum
328 2343 543 2418 Guillelmus
557 2346 603 2420 de
618 2345 745 2419 Archis
760 2361 884 2420 contra
897 2342 1025 2417 ducem
1037 2339 1244 2427 rebellavit,
1258 2355 1295 2410 et

227 2485 317 2555 pene
342 2463 504 2534 omnium
531 2462 797 2561 Talogiensium
821 2461 944 2559 parilis
960 2458 1117 2532 delectus
1138 2453 1293 2528 nothum

228 2579 429 2676 principem
446 2577 622 2667 deseruit,
646 2581 741 2653 solus
756 2577 929 2652 Ricardus
945 2593 1071 2652 contra
1090 2573 1242 2648 rebelles
1257 2574 1294 2644 in

227 2695 372 2769 castello
392 2721 456 2769 suo
470 2697 764 2771 secusecclesism
780 2695 1038 2769 Sancti-Albini
1061 2692 1238 2793 perstitit,
1258 2705 1296 2762 et

230 2839 297 2910 pro
309 2812 477 2887 fidelitate
484 2815 583 2887 <lucis
596 2832 722 2889 contra
731 2813 910 2888 discursus
921 2814 1198 2887 Arcbacensium
1211 2834 1296 2909 pro-

228 2929 380 3002 vinciam
401 2933 712 3033 circumjacentem
734 2930 915 3004 delensare
935 2933 1073 3031 sategit.
1103 2927 1296 3027 Adjutores

227 3064 345 3120 autem
366 3053 439 3148 ejus
461 3051 496 3122 in
521 3051 583 3123 illo
606 3049 777 3123 conllictu
795 3048 1002 3122 Goislredus
1020 3072 1130 3148 [gener
1145 3048 1241 3146 ejus,
1259 3060 1296 3116 et

228 3166 333 3267 lingo
352 3165 397 3241 de
415 3169 693 3256 Morio-Monte,
712 3166 925 3241 Turcbetilli
943 3165 987 3239 de
1013 3163 1295 3239 Novo-Mercato

228 3282 289 3355 lrlii
321 3288 393 3380 (4),
412 3287 577 3375 luerunt3
597 3312 640 3359 cx
660 3285 790 3387 qrnbus
810 3286 997 3385 llugonem
1020 3310 1100 3357 cum
1124 3278 1295 3356 omnibus

262 3606 301 3672 (ι)
320 3605 359 3659 Fas
374 3607 504 3678 lrsuqals,
530 3607 701 3662 linesuvillc.
720 3607 797 3661 Nous
818 3608 928 3661 n’sroos
947 3625 995 3678 pas
1011 3605 1207 3661 connaissance
1224 3600 1294 3675 qu’il

229 3705 267 3746 art
279 3693 397 3749 suiniste
410 3695 446 3749 de
459 3708 545 3751 traces
559 3696 594 3750 de
607 3714 638 3751 oe
652 3716 717 3752 nom
731 3695 800 3750 daus
815 3696 992 3751 letetritoire
1001 3694 1120 3751 d'tulst.

261 3785 299 3854 (a)
313 3783 362 3837 lm
376 3803 486 3856 uugrs,
506 3785 544 3839 lus
558 3799 702 3839 coutunscs
719 3784 817 3840 locales
837 3804 892 3860 qur
905 3788 1039 3840 snirairnt
1054 3783 1246 3839 inhabitants
1257 3782 1294 3837 de

226 3873 402 3936 (Jornsesllrs,
417 3892 526 3928 rasuur
541 3873 589 3927 das
601 3893 743 3946 wigarum
755 3875 790 3929 ds·
805 3875 933 3929 llrrteuil.

262 3961 302 4033 (3)
316 3968 337 4020 .l
352 3966 477 4037 l'ipoan
489 3965 525 4018 ‹ls-
538 3966 562 4019 la
574 3968 702 4036 jrnoesse
718 3965 754 4019 ds·
769 3964 1170 4038 Guillsumrlol'mquersnt.
1194 3961 1229 4016 ta
1249 3980 1292 4017 rr·

227 4056 298 4110 volte
310 4056 348 4110 dn
363 4068 453 4111 comte
462 4056 599 4130 d'lquurs
610 4068 658 4110 eut
671 4057 726 4111 lieu
737 4077 773 4112 en
791 4054 866 4111 1053.

262 4152 299 4217 'll
313 4150 367 4203 Sur
378 4146 501 4202 (iroll'rot
519 4148 556 4201 du
572 4147 787 4208 Noui-llantur,
805 4166 884 4217 inira
899 4147 1044 4209 clulius«,
1062 4158 1071 4196 t
1102 4146 1142 4205 ll,
1155 4165 1181 4215 p.
1202 4164 1248 4197 tra
1264 4155 1293 4197 el

227 4238 289 4312 396.
311 4241 385 4296 Nous
405 4253 534 4295 nonrmrs
554 4259 587 4294 rrr
611 4239 634 4292 la
653 4238 845 4291 ‹orslnnsstion
865 4236 900 4289 sle
921 4238 945 4289 la
966 4248 1125 4307 ssssrjrctun·
1144 4253 1200 4307 quc
1220 4250 1293 4288 uon!
