3046 5244
86 471 189 548 [rosi]
449 462 565 524 iinon
586 462 791 524 sisinnus.
1095 470 1157 535 sss

85 618 179 673 terra
197 624 281 670 mea
295 599 534 697 pernoctavit.
554 595 618 668 Sic
636 623 660 666 a
680 597 842 698 puen'tia
862 611 943 669 mea
961 601 1157 674 innumeris

75 722 259 819 pressuris
284 715 447 813 undique
472 714 665 814 impeditus
693 740 792 800 sum,
822 715 890 786 sed
904 741 975 815 per
992 720 1157 816 gratiam

84 837 154 908 Dei
173 836 220 906 de
246 834 410 905 omnibns
436 831 634 932 honorifice
660 847 803 933 ereptus
826 859 922 905 sum.
948 834 1156 909 Invidiosus

84 949 367 1052 igituromnilrus
379 951 511 1022 vicinis
524 953 612 1021 meis
611 945 745 1049 sactus
758 951 936 1037 sum‚·sed
945 951 1157 1026 auxiliante

85 1076 179 1162 Deo,
213 1075 251 1144 in
285 1099 361 1171 quo
388 1097 529 1170 semper
559 1096 656 1170 spem
692 1096 810 1141 meam
838 1074 971 1168 posui,
1003 1097 1027 1144 a
1055 1072 1155 1145 nullo

83 1208 272 1293 superatus
290 1217 384 1262 sum.
415 1190 494 1261 lloc
515 1213 614 1290 sirpe
634 1202 821 1260 senserunt
837 1189 1003 1261 Britones
1020 1207 1054 1260 et
1071 1192 1156 1262 An-
1175 1234 1178 1239 -

82 1310 315 1410 degarenses.
352 1308 435 1379 Hoc
465 1305 717 1408 astipulantur
737 1307 880 1379 Franci
900 1323 1012 1407 atque
1032 1310 1154 1381 Flan-

82 1427 239 1499 drenses.
276 1425 357 1496 Hoc
377 1429 537 1525 graviter
561 1429 698 1521 experti
719 1441 804 1496 sunt
829 1424 948 1524 Angli
971 1442 1005 1496 et
1031 1427 1065 1497 C
1063 1452 1151 1499 eno-

81 1570 312 1616 mannenses.

131 1659 348 1760 Goissreilus
369 1659 561 1733 iiiartellus
584 1685 702 1732 comes
719 1658 1005 1759 Andegavorum
1022 1663 1037 1758 (
1046 1661 1098 1759 s),
1119 1680 1154 1735 et

85 1782 257 1853 Conanus
285 1782 461 1881 princeps
493 1780 687 1851 Britonnm
718 1779 796 1876 (2),
828 1796 939 1878 atque
970 1779 1151 1854 Robertus

83 1900 206 1970 Fmsio
223 1913 377 1999 satrapa
400 1899 626 1970 Morinorum
647 1900 722 1995 (3),
747 1897 840 1969 milri
859 1898 983 1970 multis
1006 1899 1151 1972 maelii-

78 2017 285 2089 nationibns
302 2016 475 2089 insidiati
489 2034 586 2088 sunt.
609 2016 687 2088 Sed
703 2016 929 2088 custodiente
947 2018 1027 2091 Deo
1035 2076 1047 2108 ,
1069 2018 1153 2092 licet

80 2134 231 2206 multum
249 2150 455 2235 optassent,
476 2151 511 2205 et
525 2133 651 2234 plnres
672 2133 830 2205 insidias
843 2140 1148 2234 perstruxissent,

79 2277 266 2350 nunquam
283 2251 357 2322 noti
369 2269 552 2351 compotes
570 2251 691 2348 afflicti
704 2266 802 2321 sunt.
819 2249 1009 2323 Diaderna
1027 2253 1154 2352 regale

80 2369 181 2468 quod
206 2367 329 2440 nullus
359 2384 624 2440 antecessorum
651 2393 811 2439 meorum
834 2373 967 2467 gessit,
993 2369 1151 2469 adeptus

79 2515 174 2571 sum‚·
194 2485 293 2586 quod
314 2485 440 2558 ils'vina
465 2485 691 2558 solummodo
712 2488 854 2582 gratia,
878 2513 952 2558 non
968 2488 1037 2585 jus
1059 2513 1151 2561 con·

80 2603 160 2673 tulit
187 2602 471 2675 liaemditarium.
504 2603 674 2699 Quantos
701 2602 796 2674 ultra
821 2628 922 2674 mare
951 2602 1092 2676 labores
1116 2620 1152 2676 et

79 2718 301 2817 pen'culosos
332 2717 523 2816 conflictus
553 2719 764 2819 pertulerim
798 2735 924 2791 contra
955 2720 1126 2793 Eeonios
1136 2777 1149 2810 ,

113 2984 149 3051 (ι)
170 2979 322 3034 L'llistoire
343 2978 393 3032 des
415 2977 674 3055 Orontis-Qfficiers
693 2978 728 3031 ile
743 2980 772 3033 la
786 2998 927 3034 couronne
946 2999 960 3033 a
980 2978 1056 3053 placi!
1079 2989 1152 3035 cette

87 3087 179 3140 guerre
193 3089 229 3124 en
249 3068 316 3136 1048
331 3091 336 3121 z
354 3087 425 3122 {rous
440 3069 573 3141 ignorons
588 3087 636 3122 sur
650 3069 742 3143 quelle
756 3072 891 3134 autoritsi,
905 3081 933 3124 et
949 3087 1019 3125 nous
1034 3088 1153 3144 pensons

85 3162 177 3232 qu'olle
192 3181 206 3215 a
224 3160 263 3213 dir
279 3161 370 3232 plutirt
387 3161 463 3214 avoir
478 3160 533 3213 lien
551 3159 621 3214 dans
636 3160 742 3215 l'snnise
761 3163 809 3235 qui
827 3161 943 3235 precisis
959 3162 983 3216 la
1001 3163 1104 3216 rivolte
1116 3161 1152 3217 de

86 3250 239 3306 (inillaume
251 3250 402 3323 d'Arques,
414 3249 587 3305 dest-noire
597 3270 631 3305 en
649 3248 713 3304 1052
727 3275 732 3303 τ
746 3252 821 3306 Nam
836 3262 863 3305 rt
873 3257 901 3305 in
914 3252 1057 3306 obsidione
1071 3253 1151 3306 Dan·

79 3341 167 3409 fronti
179 3344 251 3395 clam
264 3342 444 3414 profugerat,
462 3351 489 3394 et
502 3342 597 3395 multis
610 3360 685 3412 sape
697 3345 786 3394 animi
795 3345 841 3394 sui
852 3343 975 3396 latebras
988 3352 1150 3413 operuerat,

87 3431 122 3486 dit
133 3434 294 3487 Guittmme
308 3433 343 3486 de
358 3432 545 3503 Malrnesbnry
557 3451 592 3485 en
606 3431 714 3504 pariant
727 3431 762 3484 de
774 3450 805 3485 ce
820 3433 957 3504 seigneur.

117 3526 152 3594 ln)
165 3524 204 3577 Cr
218 3524 288 3576 n’ost
301 3542 349 3595 pas
359 3523 382 3576 le
393 3523 522 3576 souvenir
533 3521 557 3575 le
567 3521 629 3594 plus
642 3521 767 3594 glorieux
780 3520 815 3576 de
827 3540 856 3575 sa
868 3523 910 3575 vie
921 3540 977 3595 qne
989 3520 1152 3576 Guillauine

89 3614 198 3685 appelle
215 3614 259 3667 ici.
279 3614 324 3667 On
345 3614 396 3666 snit
415 3632 464 3681 par
482 3611 561 3685 queis
579 3628 692 3684 moyons
709 3630 762 3684 pen
781 3611 947 3665 lionorsbles
964 3630 995 3665 cs·
1011 3612 1107 3683 prince
1123 3629 1152 3665 se

90 3699 236 3758 debsrsassa
254 3703 290 3757 de
305 3705 417 3767 (Ionan,
433 3704 481 3778 qui
498 3703 633 3775 nsenaqsit
652 3702 687 3756 de
704 3702 772 3755 inire
789 3702 911 3756 invasion
929 3722 964 3757 eu
983 3701 1060 3756 basse
1078 3701 1151 3756 Nor-

92 3792 189 3847 nnndie
201 3812 236 3846 au
251 3803 375 3846 moment
387 3792 422 3846 de
436 3790 612 3863 l'oxpidition
627 3789 829 3861 d’Angleterre.

120 3879 153 3951 (ὃ)
166 3883 200 3936 Lo
215 3885 255 3936 roi
271 3883 321 3936 fait
332 3881 449 3935 allusion
463 3886 477 3935 n
493 3882 515 3934 la
530 3881 640 3935 bataille
652 3880 687 3934 ‹le
701 3881 915 3942 {tavent—‚hovem
930 3881 993 3952 pris
1004 3878 1111 3945 cassel,
1126 3879 1152 3933 le

96 3982 120 4019 n
136 3972 230 4027 tis-sier
249 3991 329 4048 ¹⁰7¹·
350 3972 418 4026 dans
438 3972 554 4046 laquelle
574 3973 646 4045 pe'rit
663 3971 825 4025 (inillaunre
844 3970 1059 4033 fitz-Osinius,
1080 3971 1151 4024 ainsi

97 4054 146 4114 bien
159 4065 257 4136 qu'anx
271 4064 435 4136 priporatiis
445 4063 596 4118 d’invasion
610 4064 645 4118 de
656 4063 853 4135 ΙἈηςΙυίοττο,
867 4081 901 4116 en
916 4060 996 4126 1085,
1011 4064 1153 4115 concertis

99 4160 162 4206 entre
176 4154 438 4210 Robert·le-Fsison
452 4167 480 4209 et
495 4157 567 4210 saint
580 4157 686 4217 Cannt,
704 4155 743 4208 roi
759 4153 794 4209 do
809 4155 974 4209 Danemark.
