3046 5244
235 468 316 547 [ιιι]
615 459 909 528 ainaasuxrus.
1254 467 1290 529 ιι

233 616 279 672 ut
296 598 343 672 de
359 621 534 698 corpore,
553 623 709 700 moxque
725 610 822 673 tanta
839 597 1001 673 claritate
1013 597 1145 672 enituit
1155 597 1292 686 vultus,

232 735 269 791 ut
293 717 387 792 nulli
413 713 565 789 dubium
589 716 677 818 quin
707 715 947 815 triumpharet
968 713 1061 789 liber
1085 713 1231 814 spiritus
1256 715 1296 789 iu

231 832 451 909 coelestibus.
470 832 642 934 Migravit
656 849 776 908 autem
792 861 810 905 a
826 834 957 907 saeculo
969 846 1021 907 1v⁰
1036 832 1108 905 kal.
1121 833 1293 933 januarii,

231 970 394 1051 tempore
409 948 607 1023 Rodoberti
625 949 800 1051 sagiensis
814 950 989 1050 episcopi,
1014 974 1112 1023 anno
1131 948 1297 1024 videlicet

231 1082 295 1142 111⁰
323 1067 429 1168 regni
457 1067 552 1165 regis
580 1065 800 1140 childeberti
826 1069 894 1167 (ι).
918 1066 1033 1160 Quem
1060 1068 1187 1140 iratres
1214 1092 1297 1141 cum

228 1210 358 1286 magna
389 1183 589 1256 reverentia
620 1183 657 1255 in
685 1183 870 1258 ecclesiam
898 1182 1149 1282 deportantes,
1181 1181 1298 1258 tribua

227 1300 352 1379 diebus
375 1328 417 1375 ac
437 1299 605 1375 noctibus
631 1298 781 1400 hymnos
802 1329 844 1375 ac
867 1300 985 1375 laudes
1004 1302 1082 1376 Deo
1107 1318 1293 1390 canentes,

227 1437 388 1495 sanctum
409 1418 504 1492 illius
524 1443 656 1517 corpus
676 1418 870 1520 diligenter
889 1417 955 1491 visi
975 1435 1059 1491 sunt
1080 1415 1304 1509 custodisse,-

226 1557 453 1644 expectautca
464 1557 684 1665 copientum
699 1566 886 1617 servorum
899 1541 981 1615 Dei.
1000 1540 1194 1642 Postquam
1210 1564 1298 1613 vero

227 1675 453 1762 compertum
468 1660 570 1733 estin
585 1657 757 1758 proedicta
768 1660 912 1734 civitate
922 1663 975 1758 (a)
987 1660 1173 1734 excessisse
1189 1658 1298 1732 rebus

229 1778 392 1853 hunmnis
410 1776 672 1853 consolatorem
686 1778 796 1853 totius
811 1779 955 1879 patrioe,
972 1794 1198 1853 concurrunt
1212 1802 1297 1851 om·

229 1921 286 1969 um
300 1895 347 1969 ad
362 1892 640 1983 monasterium,
659 1893 765 1968 beato
776 1895 894 1969 iuneri
908 1894 1171 1995 congaudentes
1186 1895 1299 1968 inter·

230 2038 313 2086 esse.
327 2005 638 2086 lamentabantur
650 2036 794 2113 quoque
807 2037 979 2112 pauperes
993 2038 1120 2088 verum
1133 2013 1196 2086 Dei
1214 2039 1300 2111 pau·

231 2156 373 2229 perem,
395 2129 523 2204 divites
543 2127 711 2220 divitem,
735 2131 839 2229 pueri
856 2146 1015 2229 patrem,
1039 2155 1140 2204 senes
1160 2154 1295 2202 senem.

228 2248 427 2323 Commune
440 2271 595 2346 namque
604 2244 745 2321 bouum
755 2242 939 2336 omnibus,
952 2248 1085 2329 merito
1095 2245 1298 2319 communis

228 2360 430 2438 habebatur
447 2362 572 2436 luctus.
590 2393 608 2434 ιι

271 2514 292 2552 ιι
306 2482 446 2555 Verum
465 2479 554 2555 illud
578 2483 717 2581 pietatis
740 2483 896 2584 insigne,
919 2483 1018 2585 quod
1042 2484 1099 2558 vir
1120 2483 1297 2583 piissimus

230 2601 322 2674 iuter
333 2616 464 2674 cetera
477 2600 563 2700 egit,
573 2602 649 2700 jam
658 2601 781 2675 truens
790 2617 924 2676 telerna
940 2603 1031 2692 luce,
1048 2628 1124 2675 non
1137 2600 1298 2674 arbitror

229 2717 418 2793 tacendum
433 2743 519 2792 esse.
540 2717 693 2812 Quidam
710 2745 867 2821 namque
882 2746 927 2794 ex
941 2718 1131 2807 fratribus,
1152 2718 1297 2820 religio·

229 2836 281 2908 nis
297 2852 336 2908 et
351 2832 567 2909 obedientiae
585 2838 699 2937 gratia
716 2838 942 2938 perspicuus,
963 2838 999 2912 in
1020 2839 1096 2937 ipso
1114 2853 1298 2911 monaste-

230 2956 282 3029 rio
303 2952 500 3044 serviebat,
522 2953 676 3029 diaconii
695 2957 802 3029 titulo
817 2956 1042 3029 sublimatus.
1065 2950 1182 3049 Quem
1196 2971 1298 3055 pater

259 3178 298 3247 (a)
309 3177 387 3231 Lisez
399 3200 404 3229 :
419 3170 562 3231 Clothurii.
575 3177 611 3231 Le
621 3179 773 3232 manuscrit
781 3177 817 3232 de
826 3165 1032 3233 Salat-Ermult
1040 3187 1120 3251 porte
1130 3201 1135 3232 :
1146 3176 1297 3239 lidelmi,-

230 3266 339 3319 misce
348 3276 409 3320 anot
420 3267 489 3319 aete
500 3265 637 3320 substitue
647 3267 703 3320 tres
713 3267 939 3336 aaciennement,
952 3277 982 3322 et
994 3265 1135 3340 peut-titre
1149 3265 1239 3320 meme
1249 3263 1298 3319 des

229 3351 356 3428 l'e'poque
367 3352 403 3408 de
414 3352 440 3407 la
453 3354 571 3409 revision
583 3355 725 3428 primitive
735 3355 774 3410 du
785 3365 873 3423 texto,
887 3359 902 3410 h
914 3373 971 3410 une
981 3355 1060 3428 lecon
1073 3352 1238 3428 precedente
1248 3355 1297 3427 qui

230 3447 332 3514 portait
345 3443 557 3519 probahlemeut
571 3468 576 3498 z
593 3445 737 3500 clotharii.
753 3446 777 3500 Il
790 3446 879 3520 parait
891 3456 1019 3500 consuat
1032 3463 1067 3500 eu
1082 3443 1146 3500 cffet
1157 3462 1213 3518 que
1227 3443 1299 3498 taint

231 3522 343 3589 lirroult
356 3544 472 3589 mourut
485 3533 510 3589 le
524 3551 559 3607 ⁹9
571 3533 720 3590 de'oembre
732 3533 799 3609 596,
813 3534 881 3589 dans
893 3534 918 3588 Ιιι
932 3535 1199 3609 quatre-vingtieme
1211 3536 1299 3587 annee

230 3622 264 3678 de
275 3627 404 3699 ronige,
420 3627 469 3699 qui
488 3627 555 3680 etait
570 3624 594 3680 la
609 3625 753 3681 douziime
768 3624 803 3680 de
816 3624 938 3681 Clotaire
954 3626 997 3691 11,
1013 3636 1042 3681 et
1060 3624 1084 3681 la
1097 3627 1249 3699 vingtienre
1264 3624 1299 3679 de

230 3711 393 3768 (hildebert
411 3714 454 3780 11,
473 3714 515 3767 roi
535 3711 706 3769 d'hustraaie
721 3712 771 3784 (25
790 3712 938 3768 decembre
954 3712 1101 3789 575·59o).
1120 3715 1156 3769 La
1174 3713 1298 3769 mention

232 3800 295 3856 taire
307 3804 342 3857 ici
354 3801 391 3857 de
403 3801 525 3869 Robcrt,
538 3805 643 3878 deique
654 3803 689 3858 de
702 3804 767 3859 Se'ez
781 3803 966 3877 (atteret),
980 3816 1023 3861 est
1033 3805 1059 3863 la
1071 3805 1146 3861 seule
1156 3815 1230 3860 trace
1244 3823 1299 3878 quc

231 3910 261 3945 α
274 3892 364 3962 prelat
377 3895 418 3947 ait
430 3892 525 3948 laisse'e
537 3892 606 3948 dans
617 3894 763 3949 l’histoire.

266 3984 303 4050 ἰ)-
315 3984 355 4038 t'ae
368 3993 429 4037 mot
445 3993 486 4037 est
500 3985 557 4055 pris
569 3984 638 4039 dans
649 3984 811 4058 l'acception
826 3988 861 4042 de
877 3989 1019 4043 territoire
1035 3986 1073 4041 du
1089 3986 1212 4051 diocese,
1226 3983 1299 4038 alors

231 4068 371 4145 haucoup
387 4071 451 4145 plus
462 4073 566 4130 etendu
580 4093 639 4129 vers
654 4073 679 4130 le
692 4074 764 4129 nord
781 4077 849 4151 quil
863 4098 898 4133 ne
917 4078 950 4134 l'a
968 4082 1013 4134 c'te
1028 4077 1127 4151 depuis
1139 4077 1164 4130 la
1181 4077 1298 4130 reunion

231 4176 264 4212 aa
279 4161 391 4216 diooise
410 4162 445 4217 de
464 4164 584 4229 Lisieux,
600 4164 635 4220 de
655 4176 733 4220 tonte
754 4166 780 4221 la
800 4174 913 4225 contre'e
928 4169 1087 4244 dependant
1101 4168 1136 4223 de
1154 4166 1179 4220 la
1198 4165 1300 4221 lamille

231 4248 326 4305 tiiroie
338 4252 416 4306 etde.
432 4271 473 4306 scs
486 4256 563 4307 amia.

304 4367 357 4413 ιιι.
1127 4349 1151 4416 li
