3046 5244
77 454 178 532 niso]
463 448 578 512 nisan
598 450 757 512 ssxrus.
1084 460 1141 520 117

74 583 211 660 duobus
223 583 329 657 sociis
344 580 439 682 apud
455 582 666 674 Resbacum,
681 584 821 684 praelati
835 585 1011 661 schemate
1026 588 1141 689 depo-

74 705 139 778 sito
158 703 229 776 iter
243 700 398 800 arripuit
413 697 652 790 laboriosum,
678 718 715 774 et
736 703 834 803 quasi
854 729 990 803 pauper
1009 731 1142 779 mona.

75 820 160 895 ebus
176 820 356 921 equitans,
373 843 559 892 occursum
575 844 648 892 non
663 818 809 892 erubuit
821 818 1045 896 obviantium
1054 854 1064 911 3
1084 823 1144 897 sed

75 935 239 1010 Natalem
258 931 425 1007 abbatem
450 931 584 1009 obnixe
607 936 789 1035 quaesirit,
816 933 859 1008 ad
886 937 1023 1011 curiam
1044 938 1143 1012 Ted-

72 1051 166 1126 baldi
191 1051 334 1125 oomitis
351 1049 438 1122 adiit
461 1050 697 1151 Ruginiacum
722 1052 996 1152 municipium(
1021 1057 1051 1152 ).
1076 1054 1141 1128 Se·

72 1166 185 1241 cunda
204 1192 294 1241 vem
313 1165 372 1239 die
390 1166 432 1239 ad
450 1163 617 1241 abbatem
635 1169 751 1258 venit,
771 1193 837 1240 nec
857 1171 937 1268 quis
955 1187 1062 1260 esset,
1082 1170 1144 1246 sed

72 1284 153 1386 quid
177 1300 362 1386 quaereret
385 1282 564 1358 indicavit.
590 1285 655 1358 llle
680 1301 799 1361 autern
820 1286 1081 1362 Claros-Valles
1106 1315 1143 1363 se

73 1406 121 1477 ire
134 1403 230 1476 velle
245 1402 443 1492 intimavit,
459 1403 534 1475 etsi
550 1428 669 1476 secum
685 1405 736 1475 ire
748 1403 1006 1478 relletannuit.
1023 1405 1143 1480 Ambo

72 1521 190 1620 itaque
200 1544 285 1592 cum
295 1519 365 1592 suis
375 1517 777 1593 famulisClarasValles
789 1518 970 1611 abierunt,
986 1519 1144 1621 benigne

70 1636 277 1711 almtribus
296 1636 391 1708 illius
407 1635 567 1709 coenobii
592 1637 742 1737 suscepti
765 1651 867 1725 sunt,
893 1637 955 1736 qui
981 1638 1142 1738 regulam

71 1756 103 1827 S.
119 1752 305 1828 benedieti
328 1755 479 1828 omnino
501 1752 545 1826 ud
569 1755 727 1829 litteram
749 1753 941 1828 observare
961 1770 1138 1855 satagunt.

70 1872 346 1946 Domuumvero
356 1870 1139 1972 Bernardum(2),illiusmonasteriipatrem,
1164 1900 1176 1919 ·

72 1991 311 2090 quaesiemmt,
330 2014 472 2063 comeo
490 1989 598 2063 locuti
615 2004 718 2077 sunt,
737 2006 773 2062 et
788 1990 944 2088 plurima
962 1992 1143 2065 sciscitan-

73 2124 140 2195 tes,
168 2133 341 2207 magnam
374 2107 410 2179 in
442 2103 568 2180 eodem
597 2108 806 2205 sapientiam
832 2109 1060 2183 invenerunt.
1090 2110 1141 2182 De

71 2225 198 2297 sanetis
218 2224 317 2296 enim
340 2223 534 2322 Scripturis
557 2223 758 2296 luculenter
781 2226 965 2314 tractarit,
989 2242 1026 2297 et
1047 2227 1141 2298 rotis

71 2366 193 2415 eorum
212 2356 250 2415 et
268 2338 611 2441 interrogationibus
627 2341 806 2414 satisfecit.
829 2341 978 2415 Causam
997 2367 1140 2443 quoque

72 2457 293 2531 Utioensium
310 2471 351 2529 ut
367 2456 518 2545 audivit,
533 2457 738 2530 Guarinum
750 2456 917 2530 abbatem
934 2457 1140 2558 benigniter

71 2575 216 2675 adjuvit,
234 2575 443 2676 litterasque
453 2575 715 2650 exhortatorias
725 2576 934 2650 Resbaeensi
944 2577 1138 2648 conventui

71 2692 273 2766 destinavit.
286 2693 451 2793 Denique
460 2692 639 2765 Guarinus
653 2691 775 2779 abbas,
791 2719 874 2766 cum
883 2690 1000 2765 Natali
1011 2689 1141 2765 abbate

71 2834 249 2895 resersus,
265 2806 427 2881 Odonem
444 2824 480 2880 et
496 2807 697 2881 Guarinum
712 2809 850 2881 invenit
864 2808 1015 2895 alacres,
1032 2824 1140 2907 atque

70 2924 347 2999 llosbacensibus
367 2951 467 2999 caros
483 2942 519 2998 et
536 2925 717 2999 amabiles.
737 2926 854 2998 Erant
874 2927 1008 3025 quippe
1031 2922 1139 2998 ambo

70 3045 220 3132 maturi,
254 3041 412 3116 affabiles
438 3060 474 3116 et
498 3042 667 3129 modesti,
697 3046 909 3144 geminaque
936 3044 1138 3116 litterarum

70 3161 271 3233 eruditione
298 3159 440 3233 imbuti.
468 3162 516 3231 Et
537 3162 700 3261 quamvis
715 3159 878 3233 facundia
896 3157 1004 3233 ambo
1020 3160 1139 3257 polle-

71 3294 149 3350 rent
162 3294 198 3350 et
213 3277 435 3365 eruditione,
454 3276 532 3349 0do
550 3294 668 3350 tamen
685 3279 874 3351 caritativo
889 3279 1030 3349 sermore
1042 3303 1138 3348 sum·

70 3421 216 3493 mopere
240 3394 405 3468 studebat
429 3395 495 3467 sibi
518 3396 720 3468 Guariuum
744 3396 929 3492 praeserre.
958 3393 1138 3466 Guarinus

102 3630 139 3693 (ι)
158 3626 268 3695 llugni,
291 3625 353 3696 pris
375 3625 529 3679 Tonnerre.
541 3654 575 3665 -
589 3622 735 3685 Tbibuud,
754 3622 795 3677 dit
816 3623 841 3677 lo.
856 3623 970 3688 Grand,
993 3622 1138 3678 deuxiieme

71 3710 106 3761 du
120 3728 187 3761 nom
203 3726 313 3761 comnis
327 3719 417 3762 comte
431 3707 465 3763 de
479 3707 668 3780 Clratnpagnr.

99 3799 141 3866 (a)
161 3797 240 3851 Salat
261 3795 399 3863 lleruard,
422 3797 541 3869 premier
559 3795 629 3849 abbe
646 3793 681 3848 de
697 3792 856 3859 Clairsaux,
878 3794 946 3868 qu'il
964 3797 1036 3849 avait
1055 3794 1138 3849 fonde

70 3905 102 3938 ro
121 3888 199 3941 1115.
221 3885 270 3939 laes
286 3887 358 3941 doux
375 3885 458 3940 abbia
471 3886 564 3939 surrent
580 3885 636 3938 sort
650 3885 777 3939 beuruux
794 3883 828 3937 de
846 3882 872 3937 lo
887 3895 1049 3938 rencontrer
1067 3894 1138 3939 cette

70 3978 195 4032 annea-li
207 3977 277 4031 dans
288 3996 336 4033 son
349 3980 518 4043 monastria,
531 3977 606 4031 catil
619 3977 649 4030 fit
658 3975 730 4030 doux
741 3977 870 4029 absentes
883 3975 1006 4030 uotables
1021 4000 1025 4028 :
1038 3974 1063 4030 la
1076 3992 1138 4047 pre-

70 4086 151 4122 miere
166 4088 238 4141 pour
248 4088 276 4123 se
291 4069 405 4135 rendre,
419 4089 453 4123 en
465 4069 547 4133 avril,
562 4087 596 4121 au
608 4068 713 4123 concile
724 4054 895 4139 d'lltampet,
909 4066 976 4120 dont
990 4066 1008 4119 il
1023 4065 1063 4118 lut
1077 4064 1138 4118 l'at‘·

72 4158 152 4220 bine,
165 4170 192 4213 et
208 4160 233 4213 la
247 4158 365 4213 second«,-
379 4179 449 4230 poni·
462 4158 528 4211 aller
542 4169 653 4213 trouver·
667 4157 691 4211 le
705 4158 745 4211 roi
760 4155 966 4226 d’Angletortr,
982 4165 1009 4208 et
1022 4154 1059 4208 lui
1072 4154 1138 4208 laiso

71 4248 220 4303 intrasses
236 4251 259 4302 le
272 4253 343 4321 parti
358 4249 519 4303 ‹l'lnuoteut
535 4250 577 4305 ll.
595 4249 662 4303 datus
674 4248 698 4302 le
714 4248 832 4301 sebistue
845 4247 892 4318 qui
907 4246 1013 4300 divisait
1028 4244 1100 4299 alors
1113 4245 1138 4298 la

74 4338 234 4395 «lm-tirnte.
