3046 5244
237 427 279 490 64
511 428 694 489 lllSTOIllrl
716 424 1017 493 eccuffittsrtcu
1126 429 1295 509 [fibo-M]

237 561 274 632 in
312 558 411 633 bono
440 584 567 658 opere,
594 562 796 660 exemplum
829 561 931 635 fieret
956 563 1092 634 caeteris
1120 561 1295 661 regularis

236 673 446 774 disciptinoe.
465 674 532 768 Qui
548 677 630 749 licet
649 675 876 750 vehementer
900 676 1041 750 arderet
1056 675 1154 750 adire
1177 702 1296 750 remo

238 794 337 866 tioris
359 792 486 865 deserti
509 794 603 881 loca,
629 812 665 867 et
691 795 877 869 hominum
894 795 1072 869 declinare
1092 797 1292 879 consortia,

236 910 460 1009 prudentiori
488 928 605 984 tamen
635 914 784 987 consilio
805 912 1017 986 deliberavit
1034 937 1193 1010 praesens
1212 936 1294 1010 pro

233 1027 330 1101 desse
361 1031 550 1118 exercitui,
582 1032 679 1130 cujus
701 1029 773 1102 dux
801 1047 906 1130 atquc
934 1031 1100 1130 magister
1125 1030 1295 1101 extiterat

235 1147 422 1244 propositi.
446 1146 606 1219 Metuens
628 1146 811 1235 videlicet,
828 1150 855 1220 si
880 1173 915 1220 sc
931 1146 1152 1220 fundamenti
1168 1161 1294 1218 auctor

235 1263 478 1352 subtraheret,
494 1290 584 1362 opus
596 1263 734 1336 aedificii
753 1281 902 1364 propter
913 1266 1107 1337 novitatem
1124 1262 1295 1362 aliquate-

235 1407 300 1452 nus
314 1382 514 1469 vacillaret,
531 1380 753 1478 praecavebat
768 1408 831 1469 ne,
845 1382 932 1455 dum
948 1381 1013 1453 sibi
1032 1382 1152 1455 locum
1163 1381 1294 1480 quietis

233 1496 460 1596 provideret,
487 1499 565 1571 aliis
591 1496 846 1572 detrimentum
872 1500 978 1570 foret.
1015 1498 1174 1570 Persistit
1205 1521 1293 1594 crgo

232 1617 398 1714 princeps
416 1616 633 1715 agonizantis
652 1617 708 1713 (t)
727 1618 917 1698 exercitus,
930 1633 966 1688 et
985 1617 1021 1688 in
1042 1616 1115 1688 acie
1133 1630 1174 1686 ut
1189 1614 1294 1686 miles

232 1759 411 1832 pugnans,
429 1750 465 1805 et
487 1750 585 1806 extra
612 1735 723 1806 aciem
751 1751 790 1806 ut
808 1735 910 1807 fortis
936 1734 1065 1807 ductor
1090 1757 1157 1832 per
1180 1733 1294 1804 incre·

231 1863 349 1919 menta
367 1852 542 1919 virtutum
562 1873 634 1921 sese
651 1847 867 1946 proferendo
887 1847 1094 1921 sublimans.
1114 1848 1224 1945 Cujus
1239 1871 1294 1919 ce·

234 1962 422 2036 leberrima
440 1965 634 2036 sanctitatis
647 1966 771 2063 opinio
789 1966 960 2062 plurimas
977 1989 1191 2064 percurrens
1212 1989 1294 2062 pro

232 2083 381 2171 vincias,
399 2081 443 2153 ad
460 2081 614 2180 ejusdem
627 2085 852 2181 professionis
870 2084 1093 2180 (luctamen)
1109 2085 1163 2177 (π)
1176 2080 1293 2153 felices

231 2214 267 2271 et
292 2214 470 2286 strenuas,
496 2200 678 2299 Deumque
703 2216 899 2272 metuentes
922 2223 1088 2297 personas
1114 2197 1289 2270 illexerat.

230 2313 435 2387 Tradebant
454 2332 573 2388 autem
594 2317 698 2389 beato
716 2318 796 2389 viro
811 2313 955 2403 domos,
983 2313 1136 2412 praedia,
1161 2339 1294 2410 posses·

228 2432 343 2503 siones
355 2448 391 2503 et
402 2431 569 2517 familias,
586 2448 751 2529 rogantes
766 2447 806 2503 ut
826 2432 875 2502 eis
890 2430 1100 2503 monasteria
1123 2427 1291 2500 edificari

229 2549 459 2645 proeciperet,
476 2563 510 2618 et
524 2547 689 2619 ordinem
701 2574 808 2648 quem
826 2549 932 2621 vellet
947 2549 1028 2620 vitre
1043 2547 1154 2619 solers
1168 2561 1293 2644 postor

230 2666 444 2763 imponeret.
466 2666 629 2758 Quorum
654 2665 888 2764 petitionibus
910 2668 968 2739 rir
990 2683 1129 2738 senctus
1149 2663 1293 2763 adquie-

230 2782 299 2867 vit,
315 2799 349 2854 ct
367 2807 414 2854 xv
432 2784 644 2854 monasteria
660 2784 820 2855 virorum
836 2810 896 2856 seu
911 2785 1103 2857 mulierum
1122 2781 1292 2879 regulari·

230 2916 283 2971 ter
306 2901 476 2987 instituit,
504 2917 539 2971 et
566 2901 713 2999 singulis
740 2900 997 3000 probatissimus
1019 2905 1101 2973 vitae
1124 2924 1293 2999 personas

227 3018 398 3116 praefecit.
430 3020 506 3117 lpse
529 3035 647 3091 autem
670 3021 820 3117 proprio
843 3019 1033 3102 coenobio.
1064 3016 1162 3118 quod
1192 3017 1293 3115 prius

227 3133 464 3207 {edificaverat
478 3147 487 3201 t
496 3136 659 3233 praefuit)
678 3138 745 3231 (tt,
767 3138 890 3236 inquo
902 3137 1037 3235 jugiter
1053 3134 1089 3206 in
1106 3133 1168 3204 Dei
1183 3133 1293 3203 servi·

229 3252 280 3325 tio
293 3254 504 3351 permeruit,
520 3253 713 3326 exhortans
728 3258 854 3327 fratres
871 3287 889 3323 n
901 3253 944 3325 ad
957 3254 1084 3325 altiora
1102 3249 1289 3350 progredi,

225 3386 261 3441 et
281 3373 530 3469 pertimescere
555 3372 791 3445 multiformes
812 3371 953 3444 insidias
975 3369 1123 3445 diaboli.
1147 3400 1165 3434 n
1184 3367 1292 3440 Fame

225 3489 419 3561 sarrctitatis
438 3491 525 3562 tanti
551 3492 660 3590 pntris
683 3493 848 3590 pervenit
874 3491 916 3563 ed
944 3515 1046 3563 eures
1065 3488 1291 3586 principum,

225 3606 287 3706 qui
304 3606 527 3706 temporibus
545 3608 613 3681 illis
625 3610 722 3682 fretra
741 3610 843 3710 regni
859 3623 1030 3682 rexerunt
1048 3606 1289 3691 Francorum,

225 3724 286 3824 qui
301 3750 416 3823 nuper
432 3725 593 3799 submissi
607 3730 747 3800 fuerant
766 3728 834 3801 leni
844 3730 933 3826 jugo
944 3726 1244 3799 Christianorum.

455 3863 465 3896 ι
544 3880 548 3887 ¹
785 3882 812 3891 ο·
837 3881 940 3889 ..-......
955 3874 1288 3889 .-ω-υκαι..

258 3958 298 4023 (ι)
310 3953 497 4007 Combattsnt.
509 3956 582 4010 (2⁸01
591 3954 659 4009 dans
672 3976 703 4008 ee
718 3974 779 4010 sens
792 3956 876 4031 qn'on
889 3955 931 4009 dat
945 3945 1055 4026 t't'lgnn
1070 3952 1217 4007 militante.

258 4045 299 4113 (2)
311 4046 353 4099 Au
367 4042 421 4097 lieu
433 4042 468 4097 ilc
480 4063 511 4095 nc
523 4055 593 4107 mot,
608 4062 643 4099 nn
653 4057 749 4099 tronea·
758 4045 826 4100 dans
839 4046 863 4099 la
878 4045 993 4117 legende
1006 4042 1140 4111 originale*
1151 4067 1156 4075 ·
1169 4043 1284 4102 linctum,

224 4136 274 4204 qui
285 4151 300 4186 ι
313 4132 338 4186 le
349 4133 438 4187 memo
451 4150 521 4186 mtt.

271 4222 298 4291 3)
311 4225 433 4279 l'raeem
447 4224 566 4278 decrerit
588 4225 668 4278 tlfn.
685 4226 751 4277 tto-r
776 4239 801 4279 rt
816 4227 936 4292 (boch.)
