3046 5244
100 457 209 531 [sou]
467 454 582 513 ntum
604 453 806 513 seruitus.
1114 457 1173 515 rso

100 586 251 660 Eadem
269 613 435 657 mensura
463 613 536 684 qua
563 588 679 657 mensi
690 582 865 682 sfueritis,
886 588 1090 656 remetietur
1106 613 1174 658 uo·

100 701 487 800 bis(1).Ecce,sicut
515 702 665 775 Michael
687 701 825 799 pepulit
848 700 1045 797 Diogenem
1068 702 1173 773 vitri-

96 849 185 892 cum
208 848 311 892 suum
329 819 373 890 de
391 820 500 918 regali
520 820 629 894 solio.
648 821 698 890 sic
716 821 789 916 ipse
811 816 856 889 de
873 815 998 888 eodem
1016 817 1173 890 eulmine

98 938 347 1035 praecipitatus
372 953 464 1009 esta
490 937 684 1022 Bitiuacio;
711 937 771 1035 qui
801 933 1035 1006 nihilominus
1066 934 1170 1005 simili

99 1056 244 1154 repulsa
262 1055 417 1154 dejectus
431 1072 483 1127 est
500 1054 546 1125 ab
564 1054 704 1125 Alexio.

151 1174 317 1258 Alexius,
337 1200 419 1245 cum
436 1170 639 1270 patriarcha
660 1172 767 1270 regite
786 1169 884 1241 urbis
900 1197 939 1242 ac
955 1169 1174 1267 sapientibus

95 1309 134 1362 et
151 1289 378 1363 senatoribus
396 1290 498 1387 regni
517 1289 748 1375 Graecorum,
768 1287 929 1359 delinivit
947 1313 993 1360 ne
1010 1303 1173 1360 sanctum

98 1409 294 1505 imperium
310 1405 520 1479 redderetur
537 1406 721 1493 Michaeli,
738 1406 799 1506 qui
819 1406 862 1477 ad
876 1403 992 1477 hostes
1011 1402 1174 1504 publicos

96 1525 330 1622 confugerat,
350 1540 385 1595 et
414 1521 585 1593 malefidis
606 1547 642 1594 se
667 1539 702 1594 et
729 1523 850 1595 omnia
874 1548 934 1594 sua
954 1521 1174 1594 Normannis

97 1643 349 1727 commiserat,
366 1640 495 1740 quibus
505 1641 616 1713 moris
626 1657 679 1712 cst
693 1640 883 1738 imperium
893 1641 996 1712 sociis
1007 1666 1080 1712 tion
1098 1638 1174 1711 red-

98 1756 206 1841 dere,
226 1755 284 1829 sed
314 1759 472 1842 auferre,
499 1774 535 1829 et
559 1783 648 1856 quos
673 1757 719 1829 ab
744 1759 820 1828 aliis
840 1757 973 1828 debent
999 1756 1170 1844 liberare,

99 1890 208 1972 atque
224 1873 268 1944 ad
291 1872 529 1946 obtinendum
545 1871 686 1946 debitos
703 1877 810 1946 fasces
829 1872 1016 1972 adjuvare,
1035 1871 1171 1945 crudeli

102 1991 175 2059 ritu
191 1986 347 2085 demptis
362 1987 561 2061 honoribus
578 1988 644 2060 sibi
660 1991 802 2089 penitus
819 1989 1021 2089 subjugare.
1036 1988 1174 2087 Anglos

103 2108 228 2205 igitur,
251 2109 335 2205 qui,
354 2124 544 2205 perempto
563 2108 719 2179 lleraldo
740 2133 842 2206 rege,
866 2135 947 2180 cum
964 2105 1174 2204 proceribus

104 2225 204 2321 regui
225 2223 419 2296 Albiouem
437 2225 677 2323 reliquerant,
694 2241 760 2296 eta
781 2226 870 2297 facie
885 2224 1063 2295 Willelmi
1080 2225 1173 2322 regis

104 2366 167 2437 per
192 2342 347 2414 Pontum
378 2344 413 2413 in
442 2341 632 2414 Thraciam
661 2344 935 2442 navigaverant,
964 2340 1109 2414 Alexius
1136 2342 1172 2412 iu

101 2460 293 2530 amicitiam
312 2457 377 2530 sibi
394 2462 537 2548 ascivit,
552 2461 671 2560 eisque
689 2461 887 2559 principale
901 2459 1095 2558 palatium,
1117 2483 1171 2529 re·

101 2579 248 2677 giosque
274 2577 456 2650 thesauros
484 2579 601 2675 palam
628 2576 915 2663 commendavit3
949 2577 1038 2677 quin
1065 2578 1172 2648 etiam

101 2720 160 2765 eos
174 2696 299 2793 capitis
316 2697 390 2782 sui,
411 2721 604 2794 rerumque
622 2723 766 2768 suarum
782 2695 944 2769 custodes
963 2694 1116 2794 posuit(
1143 2696 1169 2792 ).

406 2879 528 2886 ---.--
538 2879 564 2885 --
584 2877 703 2885 -..ιι-.-
726 2879 763 2885 ...-
778 2879 897 2885 ..—..-.-
916 2879 924 2884 -
937 2880 941 2884 .
954 2879 960 2884 -
1002 2880 1007 2884 -
1036 2878 1113 2885 -..κ-
1127 2876 1168 2885 .-

102 3000 113 3029 ι
126 2979 220 3033 l'otlice
230 2980 404 3054 domestiqne
417 3001 471 3053 que
483 2992 562 3035 notre
575 2992 674 3034 auteur
687 2983 764 3053 prete
777 3000 830 3034 aut
844 2981 916 3035 deux
932 2983 1084 3053 princesses
1098 2978 1170 3033 Nor·

105 3069 215 3121 mandes
230 3072 292 3141 pris
302 3069 435 3135 dellens,
453 3088 522 3124 nous
534 3070 644 3124 u’avons
653 3089 743 3124 aucun
758 3071 984 3142 renseignement
994 3071 1082 3123 lorme
1091 3069 1172 3142 lpour

106 3162 130 3211 ni
142 3172 238 3213 contre
249 3183 255 3224 ;
267 3162 335 3213 nais
346 3179 415 3212 nous
424 3179 440 3230 y
451 3172 583 3214 trouvons
592 3180 645 3233 peu
653 3160 688 3215 de
699 3179 871 3215 convenauce
880 3161 950 3216 etde
960 3160 1172 3215 vraisemblauce

107 3247 138 3299 ile
154 3248 176 3299 la
191 3259 252 3319 part
269 3248 335 3301 ‹l'un
356 3267 508 3322 monarque
520 3250 571 3320 ige
584 3249 751 3313 seulement,
764 3253 778 3302 'a
793 3260 864 3302 cette
877 3253 1001 3322 epoque,
1014 3250 1049 3303 de
1067 3259 1172 3302 trente·

108 3339 172 3388 trois
186 3358 245 3391 aus.
260 3338 280 3389 ll
296 3356 329 3390 ue
343 3338 400 3390 lant
414 3356 461 3409 pas
474 3338 564 3391 croire
576 3338 689 3411 qu'clles
702 3340 808 3391 l‘usscnt
821 3338 917 3392 isolces
927 3340 961 3392 ‹le
976 3339 1036 3391 leur
1051 3337 1145 3391 uatiou
1159 3342 1172 3390 is

107 3428 343 3499 Constantinoplc.
356 3431 391 3481 la
402 3447 470 3482 cour
483 3440 510 3482 et
521 3429 633 3483 l'arme'c
644 3429 765 3483 d'Alexis
778 3429 975 3482 reniernmient
987 3427 1173 3500 lmaucoupde

110 3517 275 3582 Normauds,
298 3529 324 3570 et
350 3530 429 3572 entre
447 3531 540 3573 autres
557 3520 618 3572 leur
638 3522 732 3573 cousin
754 3523 877 3589 germain
897 3521 1062 3574 (Jonstanun
1081 3521 1172 3574 llum·

109 3606 277 3678 leuopoule,
294 3609 335 3661 fits
345 3609 512 3663 d'llumbert
527 3611 561 3663 de
572 3610 736 3674 llauterillc,
747 3613 794 3683 qui
808 3612 878 3664 avait
891 3613 948 3683 pris
962 3622 1023 3682 part
1036 3615 1051 3664 i
1067 3610 1173 3664 t'e'teva-
1259 3664 1269 3683 ο

110 3700 162 3750 tion
177 3699 306 3752 «illesis.
330 3700 406 3752 Nous
423 3720 506 3754 avons
520 3702 601 3773 peine
620 3705 634 3754 a
651 3703 740 3755 croire
756 3702 823 3774 qu‘il
838 3723 853 3773 p
867 3703 906 3755 ait
919 3721 953 3756 eu
972 3702 1044 3757 deux
1059 3702 1126 3757 filles
1139 3701 1173 3755 de

112 3785 207 3842 llobert
222 3789 360 3842 Guiscard
371 3794 503 3861 rumices
515 3795 529 3844 a
542 3792 787 3862 (Ioustantiuople,
802 3811 909 3846 comme
920 3794 945 3847 le
959 3792 1076 3866 pretend
1093 3804 1172 3845 notre

113 3888 209 3932 auteur.
221 3881 297 3932 Tout
308 3899 376 3933 nous
392 3892 470 3952 porte
484 3885 497 3933 u
511 3883 601 3935 croire
613 3901 646 3934 au
658 3882 796 3936 contraire
806 3883 873 3956 qu'il
887 3885 931 3956 n’y
941 3883 992 3938 alla
1003 3903 1057 3957 que
1068 3883 1171 3937 l'ninec.

113 3991 123 4015 t
135 3988 178 4038 qur
193 3970 230 4022 lcs
243 3971 333 4025 Grecs
346 3971 502 4024 donni·r·ent
511 3972 536 4026 le
546 3991 611 4025 nom
622 3973 769 4039 tumne,
780 3985 808 4028 et
820 3977 869 4047 qui
883 3975 925 4029 lut
937 3979 1070 4046 reuroyec
1085 3974 1172 4025 liono-

115 4059 255 4115 table-ment
272 4081 346 4114 ason
361 4063 433 4116 frere
449 4063 551 4134 lloger,
561 4066 641 4136 apr'es
655 4063 678 4117 la
695 4077 765 4118 mort
779 4066 814 4119 de
829 4067 934 4120 llobert
948 4065 1094 4120 Guiscard.

144 4151 174 4215 ’1,
192 4152 255 4204 luc.
274 4151 375 4213 =·1,38.

154 4257 165 4288 a
188 4242 261 4292 Tnut
280 4262 336 4294 ccci
355 4256 393 4295 est
409 4245 443 4295 de
457 4245 478 4297 la
496 4246 568 4297 lorce
583 4247 616 4298 de
632 4265 661 4298 ce.
679 4248 727 4317 qui
742 4246 867 4318 precede.
892 4247 912 4298 ll
931 4266 964 4300 ne
985 4247 1025 4297 lut
1043 4255 1171 4317 question
