3046 5244
274 489 309 543 12
546 485 727 545 tttstottts
750 484 1053 545 Ecctsr'stastlcs.

270 616 356 716 gelis
376 614 611 715 gaudentibus
635 632 671 689 et
693 619 881 716 terrigenis
902 616 1140 716 plorantibus.
1164 617 1267 690 ‘l'unc
1290 618 1327 689 lit

269 757 334 831 per
355 758 480 806 omnes
503 735 780 835 circumquaque
798 735 1016 833 provincias,
1042 759 1107 832 per
1122 759 1246 808 omnes
1263 735 1329 806 mi-

271 875 376 923 nores
391 877 434 925 ac
450 854 600 952 majores
616 853 797 939 eeclesias,
819 877 967 951 magnus
985 849 1087 923 valde
1107 867 1143 925 et
1169 851 1330 925 insolitus

271 968 420 1068 clangor
440 972 627 1069 signorum
645 973 698 1066 (r)
719 986 755 1042 et
776 994 1028 1068 campanarum
1048 970 1204 1055 sonitus,
1224 968 1329 1067 longa

272 1084 434 1181 pulsatio,
445 1083 619 1158 mirabilis
629 1087 793 1173 tinnitus,
812 1084 920 1157 nullis
933 1083 1331 1156 bominibust'unestra·

273 1197 458 1288 bentibus,
478 1203 534 1275 rel
551 1204 649 1301 signa
668 1198 996 1291 commoventibus,
1016 1199 1082 1271 uisi
1100 1199 1173 1273 sola
1198 1199 1331 1270 virtute

271 1313 410 1403 divina,
434 1344 514 1417 quae
531 1321 738 1418 supervenit
757 1319 912 1391 coelitus.
934 1316 1065 1388 Eximii
1083 1316 1151 1387 riri
1169 1331 1330 1387 sanctum

271 1457 402 1530 corpus
422 1434 552 1508 ibidem
566 1435 763 1510 honorifice
781 1435 993 1520 tumulatur,
1008 1431 1201 1532 multisque
1216 1431 1330 1503 mira-

272 1547 361 1620 culis
377 1551 531 1648 gloriose
547 1555 693 1650 patratis
708 1554 781 1624 laus
800 1553 862 1625 Dei
882 1550 1035 1623 fideliter
1057 1564 1234 1621 cantatur.
1254 1545 1331 1618 Ve-

272 1664 432 1740 nerabile
461 1668 669 1743 coenobium
698 1669 771 1742 illie
795 1656 906 1770 usqne
931 1670 966 1740 iu
996 1666 1209 1740 hodieruum
1236 1662 1330 1736 diem

273 1803 495 1882 perseverat,
514 1805 549 1860 et
567 1789 692 1887 ingens
709 1790 967 1861 monachorum
985 1785 1161 1857 exercitus
1176 1783 1332 1855 Domino

272 1901 349 1974 Deo
371 1902 525 1978 Sabaoth
555 1932 635 1979 cum
674 1904 832 2003 tripudio
867 1904 1018 1992 militat,
1056 1919 1162 2002 atque
1195 1901 1334 1973 meritis

272 2021 382 2091 sancti
400 2020 604 2110 Guillelmi,
626 2047 668 2094 ex
687 2022 815 2095 illustri
834 2022 948 2094 milite
966 2021 1121 2119 religiosi
1143 2016 1331 2102 monachi,

275 2133 380 2208 turba
405 2136 667 2212 infirmantium
692 2139 940 2212 muraleseeus
965 2137 1101 2209 exultat
1127 2136 1163 2207 in
1190 2130 1334 2207 Clrristo

272 2249 376 2341 lesu,
397 2256 457 2354 qui
484 2281 609 2330 omnes
626 2253 691 2328 sibi
712 2253 933 2329 adherentes
953 2255 988 2326 in
1015 2270 1192 2325 aeternum
1218 2250 1336 2350 glori·

274 2365 367 2441 lieet.

322 2492 384 2565 lV.
415 2495 732 2569 lnrictissimorum
760 2497 879 2596 itaque
901 2497 1057 2568 militum
1079 2492 1238 2593 tropboea
1259 2493 1336 2564 lre-

273 2624 428 2705 quentes
443 2609 712 2686 abrincatensis
728 2611 904 2685 Geroldus
919 2609 1113 2701 referebat,
1131 2627 1167 2683 et
1180 2633 1337 2683 oooesers·

277 2739 329 2796 tes
345 2724 514 2817 athletas,
533 2733 800 2832 armigerosque
819 2754 1007 2830 generosos
1021 2730 1064 2801 ad
1078 2729 1232 2801 similem
1243 2752 1336 2800 con-

274 2846 511 2919 versationem
521 2846 747 2922 blauditiiset
760 2847 958 2921 terroribus
969 2845 1150 2919 incitabat.
1163 2846 1204 2918 ln
1213 2844 1338 2943 primis

276 2960 386 3059 igitur
401 2971 560 3068 quinque
579 2967 732 3040 illustres
748 2969 815 3040 riri
832 2967 877 3040 ‹le
888 2967 1019 3040 familia
1037 2964 1192 3039 consulis
1208 2961 1337 3062 egressi

275 3095 375 3167 sunt,
391 3109 546 3183 quorum
567 3089 712 3161 nomina
730 3085 806 3159 baec
823 3104 905 3158 sunt
922 3116 929 3156 :
948 3085 1122 3184 Rogerius
1135 3084 1186 3179 (a)
1198 3079 1338 3153 Erneisi

276 3195 388 3285 lilius,
408 3225 519 3299 nepos
547 3201 730 3275 Guillelmi
748 3201 792 3274 de
820 3203 1009 3275 Guarenua
1028 3200 1168 3274 comitis
1192 3196 1341 3269 Sntbre·

278 3315 346 3413 gioe
363 3318 435 3412 (3);
454 3334 489 3391 et
502 3319 699 3408 Emodus,
719 3320 861 3395 Unlridi
875 3319 920 3394 de
932 3319 1089 3393 Telliolo
1103 3316 1213 3403 lilius,
1229 3339 1341 3413 nepos

312 3561 322 3625 (
329 3562 352 3628 ι)
367 3558 389 3613 ΙΙ
401 3570 442 3615 est
455 3561 550 3615 risible
559 3579 628 3635 que,
641 3561 710 3615 dans
722 3582 753 3616 ce
762 3580 886 3635 passage.
898 3566 1020 3632 rignum,
1032 3557 1250 3613 ordimioeraeot
1261 3572 1340 3628 syno-

277 3665 359 3717 nyme
372 3649 406 3702 de
417 3669 568 3720 catapano.
584 3657 656 3707 sete
669 3652 796 3724 emptore
809 3651 878 3705 dans
893 3649 919 3703 le
935 3666 995 3704 sens
1011 3649 1046 3702 de
1061 3647 1211 3703 eloebettoe
1224 3662 1262 3701 ou
1279 3660 1342 3716 gre·

279 3734 353 3790 lots·
375 3741 563 3793 tristinnabulu

314 3828 354 3896 (a)
369 3828 390 3880 ll
405 3848 439 3882 nr
453 3830 510 3883 laur
527 3848 574 3903 pas
592 3829 744 3884 cooloadrr
762 3850 793 3886 ce
808 3829 909 3902 lloger.
931 3829 971 3883 lile
992 3827 1117 3883 d'l'rnris
1137 3825 1173 3880 de
1188 3822 1343 3879 (antonem

278 3926 306 3969 et
324 3934 409 3970 amru
430 3916 468 3970 du
487 3930 578 3973 constr
591 3918 627 3972 de
646 3922 759 3991 Sumy.
773 3938 836 3974 aire
851 3919 889 3972 les
907 3918 1043 3973 membres
1056 3915 1091 3971 de
1109 3916 1132 3969 la
1148 3912 1250 3970 lamille
1269 3910 1343 3967 ttu-

280 4005 391 4071 Fsaeis,
408 4008 530 4063 branciis·
543 4008 650 4062 radeire
662 4008 711 4061 «les
723 4010 836 4064 Temo.
852 4008 957 4063 liobert
970 4005 1156 4067 riu-emen.
1173 4004 1294 4075 mire
1304 3998 1342 4054 (ln

280 4114 360 4161 nom.
373 4109 485 4153 mourut
498 4100 513 4156 l
527 4099 552 4153 la
565 4098 674 4153 bataille
693 4099 869 4170 d’llastings,
882 4109 910 4153 rt
923 4117 972 4153 son
987 4096 1029 4150 lils
1041 4116 1076 4150 ne
1088 4093 1205 4150 s'etablit
1217 4092 1296 4166 point
1309 4108 1344 4143 ea

280 4188 454 4259 Augleterre.
470 4219 504 4233 -
517 4190 652 4251 l‘rnauld.
671 4189 854 4244 undoso-01
868 4190 905 4242 «lu
919 4187 1021 4244 Tilleul
1034 4190 1084 4254 (ru
1098 4189 1188 4259 Auge)
1200 4193 1228 4238 rt
1240 4179 1343 4238 d'btle·

226 4310 234 4332 r
282 4276 337 4330 line
349 4277 384 4331 dr
399 4280 605 4336 (innternrsuil

317 4362 356 4431 (3)
369 4366 762 4427 silentiunm-tebescit
833 4362 846 4387 ’
