<?xml version="1.0" encoding="UTF-8"?>
<!DOCTYPE html PUBLIC "-//W3C//DTD XHTML 1.0 Transitional//EN"
    "http://www.w3.org/TR/xhtml1/DTD/xhtml1-transitional.dtd">
<html xmlns="http://www.w3.org/1999/xhtml" xml:lang="en" lang="en">
 <head>
  <title>
</title>
<meta http-equiv="Content-Type" content="text/html;charset=utf-8" />
  <meta name='ocr-system' content='tesseract 3.04.00' />
  <meta name='ocr-capabilities' content='ocr_page ocr_carea ocr_par ocr_line ocrx_word'/>
</head>
<body>
  <div class='ocr_page' id='page_1' title='image "./ordericivitalis00deligoog/ordericivitalis00deligoog_0298.png"; bbox 0 0 3046 5244; ppageno 0'>
   <div class='ocr_carea' id='block_1_1' title="bbox 452 448 1146 515">
    <p class='ocr_par' dir='ltr' id='par_1_1' title="bbox 452 448 1146 515">
     <span class='ocr_line' id='line_1_1' title="bbox 452 448 1146 515; baseline 0.009 -6"><span class='ocrx_word' id='word_1_1' title='bbox 452 448 569 511; x_wconf 76' lang='lat' dir='ltr'><strong>blllllll</strong></span> <span class='ocrx_word' id='word_1_2' title='bbox 588 450 776 513; x_wconf 75' lang='lat' dir='ltr'>OCTAVUS.</span> <span class='ocrx_word' id='word_1_3' title='bbox 1083 454 1146 515; x_wconf 72' lang='lat'><strong>283</strong></span> 
     </span>
    </p>
   </div>
   <div class='ocr_carea' id='block_1_2' title="bbox 80 580 1158 4077">
    <p class='ocr_par' dir='ltr' id='par_1_2' title="bbox 80 580 1154 1150">
     <span class='ocr_line' id='line_1_2' title="bbox 82 580 1153 682; baseline 0.002 -27"><span class='ocrx_word' id='word_1_4' title='bbox 82 598 242 655; x_wconf 84' lang='lat' dir='ltr'><strong>ratarum</strong></span> <span class='ocrx_word' id='word_1_5' title='bbox 261 605 367 679; x_wconf 90' lang='lat' dir='ltr'><strong>super</strong></span> <span class='ocrx_word' id='word_1_6' title='bbox 393 581 505 654; x_wconf 89' lang='lat' dir='ltr'><strong>altare</strong></span> <span class='ocrx_word' id='word_1_7' title='bbox 529 581 661 681; x_wconf 84' lang='lat' dir='ltr'><strong>posuit.</strong></span> <span class='ocrx_word' id='word_1_8' title='bbox 684 581 769 655; x_wconf 85' lang='lat' dir='ltr'><strong>llaec</strong></span> <span class='ocrx_word' id='word_1_9' title='bbox 796 581 957 655; x_wconf 92' lang='lat' dir='ltr'><strong>breviter</strong></span> <span class='ocrx_word' id='word_1_10' title='bbox 982 580 1084 682; x_wconf 79' lang='lat' dir='ltr'><strong>tetigi</strong></span> <span class='ocrx_word' id='word_1_11' title='bbox 1108 582 1153 657; x_wconf 92' lang='lat' dir='ltr'><strong>de</strong></span> 
     </span>
     <span class='ocr_line' id='line_1_3' title="bbox 80 697 1150 797; baseline 0 -24"><span class='ocrx_word' id='word_1_12' title='bbox 80 699 184 773; x_wconf 89' lang='lat' dir='ltr'><strong>donis</strong></span> <span class='ocrx_word' id='word_1_13' title='bbox 201 722 283 797; x_wconf 81' lang='lat' dir='ltr'><strong>quae</strong></span> <span class='ocrx_word' id='word_1_14' title='bbox 307 699 473 795; x_wconf 78' lang='lat' dir='ltr'><strong>praelatus</strong></span> <span class='ocrx_word' id='word_1_15' title='bbox 498 697 604 772; x_wconf 88' lang='lat' dir='ltr'><strong>beros</strong></span> <span class='ocrx_word' id='word_1_16' title='bbox 625 698 785 772; x_wconf 83' lang='lat' dir='ltr'><strong>Uticensi</strong></span> <span class='ocrx_word' id='word_1_17' title='bbox 802 698 955 774; x_wconf 88' lang='lat' dir='ltr'><strong>contulit</strong></span> <span class='ocrx_word' id='word_1_18' title='bbox 971 699 1150 789; x_wconf 83' lang='lat' dir='ltr'><strong>ecclesioe,</strong></span> 
     </span>
     <span class='ocr_line' id='line_1_4' title="bbox 82 814 1153 917; baseline 0.001 -27"><span class='ocrx_word' id='word_1_19' title='bbox 82 844 147 892; x_wconf 90' lang='lat' dir='ltr'><strong>uec</strong></span> <span class='ocrx_word' id='word_1_20' title='bbox 176 841 236 889; x_wconf 91' lang='lat' dir='ltr'><strong>me</strong></span> <span class='ocrx_word' id='word_1_21' title='bbox 263 816 370 903; x_wconf 92' lang='lat' dir='ltr'><strong>velit,</strong></span> <span class='ocrx_word' id='word_1_22' title='bbox 401 842 540 917; x_wconf 86' lang='lat' dir='ltr'><strong>quaeso,</strong></span> <span class='ocrx_word' id='word_1_23' title='bbox 566 814 723 915; x_wconf 89' lang='lat' dir='ltr'><strong>prudens</strong></span> <span class='ocrx_word' id='word_1_24' title='bbox 750 817 865 892; x_wconf 91' lang='lat' dir='ltr'><strong>lector</strong></span> <span class='ocrx_word' id='word_1_25' title='bbox 892 815 1153 893; x_wconf 77' lang='lat' dir='ltr'><strong>inconsiderate</strong></span> 
     </span>
     <span class='ocr_line' id='line_1_5' title="bbox 82 933 1154 1035; baseline 0.002 -30"><span class='ocrx_word' id='word_1_26' title='bbox 82 934 316 1022; x_wconf 76' lang='lat' dir='ltr'><strong>subsannare,</strong></span> <span class='ocrx_word' id='word_1_27' title='bbox 337 935 364 1005; x_wconf 93' lang='lat' dir='ltr'><strong>si</strong></span> <span class='ocrx_word' id='word_1_28' title='bbox 395 933 538 1005; x_wconf 89' lang='lat' dir='ltr'><strong>titulum</strong></span> <span class='ocrx_word' id='word_1_29' title='bbox 564 934 719 1033; x_wconf 81' lang='lat' dir='ltr'><strong>incoepti</strong></span> <span class='ocrx_word' id='word_1_30' title='bbox 741 936 878 1033; x_wconf 85' lang='lat' dir='ltr'><strong>operis,</strong></span> <span class='ocrx_word' id='word_1_31' title='bbox 906 934 993 1008; x_wconf 92' lang='lat' dir='ltr'><strong>dum</strong></span> <span class='ocrx_word' id='word_1_32' title='bbox 1013 952 1154 1035; x_wconf 85' lang='lat' dir='ltr'><strong>tempus</strong></span> 
     </span>
     <span class='ocr_line' id='line_1_6' title="bbox 82 1050 659 1150; baseline -0.003 -29"><span class='ocrx_word' id='word_1_33' title='bbox 82 1066 150 1138; x_wconf 87' lang='lat' dir='ltr'><strong>cst,</strong></span> <span class='ocrx_word' id='word_1_34' title='bbox 170 1074 369 1150; x_wconf 86' lang='lat' dir='ltr'><strong>prosequor</strong></span> <span class='ocrx_word' id='word_1_35' title='bbox 388 1051 424 1121; x_wconf 89' lang='lat' dir='ltr'><strong>iu</strong></span> <span class='ocrx_word' id='word_1_36' title='bbox 439 1050 659 1123; x_wconf 80' lang='lat' dir='ltr'><strong>narratione.</strong></span> 
     </span>
    </p>

    <p class='ocr_par' dir='ltr' id='par_1_3' title="bbox 83 1163 1158 4077">
     <span class='ocr_line' id='line_1_7' title="bbox 129 1163 1153 1265; baseline 0.003 -26"><span class='ocrx_word' id='word_1_37' title='bbox 129 1164 348 1253; x_wconf 82' lang='lat' dir='ltr'><strong>Rodbcrtus,</strong></span> <span class='ocrx_word' id='word_1_38' title='bbox 364 1163 506 1238; x_wconf 81' lang='lat' dir='ltr'><strong>Unsridi</strong></span> <span class='ocrx_word' id='word_1_39' title='bbox 522 1164 627 1255; x_wconf 85' lang='lat' dir='ltr'><strong>lilius,</strong></span> <span class='ocrx_word' id='word_1_40' title='bbox 638 1164 725 1238; x_wconf 92' lang='lat' dir='ltr'><strong>dnm</strong></span> <span class='ocrx_word' id='word_1_41' title='bbox 738 1192 830 1264; x_wconf 86' lang='lat' dir='ltr'><strong>puer</strong></span> <span class='ocrx_word' id='word_1_42' title='bbox 842 1184 938 1255; x_wconf 83' lang='lat' dir='ltr'><strong>erat,</strong></span> <span class='ocrx_word' id='word_1_43' title='bbox 953 1194 1035 1242; x_wconf 91' lang='lat' dir='ltr'><strong>cum</strong></span> <span class='ocrx_word' id='word_1_44' title='bbox 1050 1183 1153 1265; x_wconf 87' lang='lat' dir='ltr'><strong>patre</strong></span> 
     </span>
     <span class='ocr_line' id='line_1_8' title="bbox 83 1280 1153 1383; baseline 0.001 -26"><span class='ocrx_word' id='word_1_45' title='bbox 83 1309 145 1357; x_wconf 89' lang='lat' dir='ltr'><strong>suo</strong></span> <span class='ocrx_word' id='word_1_46' title='bbox 160 1285 196 1355; x_wconf 88' lang='lat' dir='ltr'><strong>in</strong></span> <span class='ocrx_word' id='word_1_47' title='bbox 217 1283 386 1381; x_wconf 81' lang='lat' dir='ltr'><strong>Angliam</strong></span> <span class='ocrx_word' id='word_1_48' title='bbox 402 1281 662 1369; x_wconf 76' lang='lat' dir='ltr'><strong>transfretavit,</strong></span> <span class='ocrx_word' id='word_1_49' title='bbox 681 1299 717 1355; x_wconf 89' lang='lat' dir='ltr'><strong>ct</strong></span> <span class='ocrx_word' id='word_1_50' title='bbox 729 1280 901 1357; x_wconf 84' lang='lat' dir='ltr'><strong>Eduardo</strong></span> <span class='ocrx_word' id='word_1_51' title='bbox 922 1284 1019 1383; x_wconf 79' lang='lat' dir='ltr'><strong>regi,</strong></span> <span class='ocrx_word' id='word_1_52' title='bbox 1038 1282 1153 1357; x_wconf 89' lang='lat' dir='ltr'><strong>donec</strong></span> 
     </span>
     <span class='ocr_line' id='line_1_9' title="bbox 83 1396 1150 1500; baseline 0.001 -28"><span class='ocrx_word' id='word_1_53' title='bbox 83 1399 127 1472; x_wconf 85' lang='lat' dir='ltr'><strong>ab</strong></span> <span class='ocrx_word' id='word_1_54' title='bbox 159 1398 284 1471; x_wconf 90' lang='lat' dir='ltr'><strong>eodem</strong></span> <span class='ocrx_word' id='word_1_55' title='bbox 318 1399 420 1470; x_wconf 88' lang='lat' dir='ltr'><strong>miles</strong></span> <span class='ocrx_word' id='word_1_56' title='bbox 449 1397 572 1488; x_wconf 82' lang='lat' dir='ltr'><strong>fieret,</strong></span> <span class='ocrx_word' id='word_1_57' title='bbox 603 1396 702 1472; x_wconf 90' lang='lat' dir='ltr'><strong>domi</strong></span> <span class='ocrx_word' id='word_1_58' title='bbox 741 1399 952 1500; x_wconf 69' lang='lat' dir='ltr'><strong>militiaque</strong></span> <span class='ocrx_word' id='word_1_59' title='bbox 988 1400 1150 1473; x_wconf 82' lang='lat' dir='ltr'><strong>servivit.</strong></span> 
     </span>
     <span class='ocr_line' id='line_1_10' title="bbox 83 1514 1154 1618; baseline 0.007 -29"><span class='ocrx_word' id='word_1_60' title='bbox 83 1514 231 1602; x_wconf 82' lang='lat' dir='ltr'><strong>Deinde,</strong></span> <span class='ocrx_word' id='word_1_61' title='bbox 245 1515 465 1615; x_wconf 76' lang='lat' dir='ltr'><strong>fulgentibus</strong></span> <span class='ocrx_word' id='word_1_62' title='bbox 481 1517 591 1588; x_wconf 86' lang='lat' dir='ltr'><strong>armis</strong></span> <span class='ocrx_word' id='word_1_63' title='bbox 599 1518 673 1616; x_wconf 90' lang='lat' dir='ltr'><strong>jam</strong></span> <span class='ocrx_word' id='word_1_64' title='bbox 693 1514 837 1591; x_wconf 86' lang='lat' dir='ltr'><strong>indutus</strong></span> <span class='ocrx_word' id='word_1_65' title='bbox 845 1571 857 1605; x_wconf 97' lang='lat'><strong>,</strong></span> <span class='ocrx_word' id='word_1_66' title='bbox 872 1518 1050 1618; x_wconf 78' lang='lat' dir='ltr'><strong>regiisque</strong></span> <span class='ocrx_word' id='word_1_67' title='bbox 1068 1544 1154 1597; x_wconf 82' lang='lat' dir='ltr'><strong>mtt-</strong></span> 
     </span>
     <span class='ocr_line' id='line_1_11' title="bbox 84 1631 1154 1730; baseline 0.003 -25"><span class='ocrx_word' id='word_1_68' title='bbox 84 1632 228 1705; x_wconf 87' lang='lat' dir='ltr'><strong>neribus</strong></span> <span class='ocrx_word' id='word_1_69' title='bbox 245 1631 443 1705; x_wconf 89' lang='lat' dir='ltr'><strong>honorifice</strong></span> <span class='ocrx_word' id='word_1_70' title='bbox 454 1631 604 1722; x_wconf 88' lang='lat' dir='ltr'><strong>ditatus,</strong></span> <span class='ocrx_word' id='word_1_71' title='bbox 623 1649 790 1730; x_wconf 88' lang='lat' dir='ltr'><strong>parentes</strong></span> <span class='ocrx_word' id='word_1_72' title='bbox 806 1661 888 1709; x_wconf 87' lang='lat' dir='ltr'><strong>suos</strong></span> <span class='ocrx_word' id='word_1_73' title='bbox 902 1635 1057 1708; x_wconf 87' lang='lat' dir='ltr'><strong>revisere</strong></span> <span class='ocrx_word' id='word_1_74' title='bbox 1069 1661 1154 1710; x_wconf 90' lang='lat' dir='ltr'><strong>con·</strong></span> 
     </span>
     <span class='ocr_line' id='line_1_12' title="bbox 84 1749 1153 1852; baseline 0 -29"><span class='ocrx_word' id='word_1_75' title='bbox 84 1753 237 1850; x_wconf 80' lang='lat' dir='ltr'><strong>cupivit,</strong></span> <span class='ocrx_word' id='word_1_76' title='bbox 264 1768 301 1824; x_wconf 91' lang='lat' dir='ltr'><strong>et</strong></span> <span class='ocrx_word' id='word_1_77' title='bbox 330 1752 424 1850; x_wconf 80' lang='lat' dir='ltr'><strong>regis</strong></span> <span class='ocrx_word' id='word_1_78' title='bbox 451 1749 576 1849; x_wconf 90' lang='lat' dir='ltr'><strong>adepta</strong></span> <span class='ocrx_word' id='word_1_79' title='bbox 602 1752 838 1852; x_wconf 84' lang='lat' dir='ltr'><strong>permissione</strong></span> <span class='ocrx_word' id='word_1_80' title='bbox 866 1750 910 1825; x_wconf 91' lang='lat' dir='ltr'><strong>ad</strong></span> <span class='ocrx_word' id='word_1_81' title='bbox 935 1778 1017 1826; x_wconf 89' lang='lat' dir='ltr'><strong>suos</strong></span> <span class='ocrx_word' id='word_1_82' title='bbox 1041 1760 1153 1826; x_wconf 84' lang='lat' dir='ltr'><strong>ovans</strong></span> 
     </span>
     <span class='ocr_line' id='line_1_13' title="bbox 84 1867 1154 1969; baseline -0.002 -28"><span class='ocrx_word' id='word_1_83' title='bbox 84 1870 303 1967; x_wconf 86' lang='lat' dir='ltr'><strong>repatriavit.</strong></span> <span class='ocrx_word' id='word_1_84' title='bbox 319 1867 429 1941; x_wconf 82' lang='lat' dir='ltr'><strong>Facto</strong></span> <span class='ocrx_word' id='word_1_85' title='bbox 446 1886 565 1942; x_wconf 90' lang='lat' dir='ltr'><strong>autem</strong></span> <span class='ocrx_word' id='word_1_86' title='bbox 579 1869 745 1943; x_wconf 84' lang='lat' dir='ltr'><strong>Seulacio</strong></span> <span class='ocrx_word' id='word_1_87' title='bbox 762 1869 877 1958; x_wconf 88' lang='lat' dir='ltr'><strong>bello,</strong></span> <span class='ocrx_word' id='word_1_88' title='bbox 893 1886 930 1943; x_wconf 89' lang='lat' dir='ltr'><strong>et</strong></span> <span class='ocrx_word' id='word_1_89' title='bbox 946 1893 1032 1969; x_wconf 75' lang='lat' dir='ltr'><strong>rege</strong></span> <span class='ocrx_word' id='word_1_90' title='bbox 1047 1867 1154 1940; x_wconf 78' lang='lat' dir='ltr'><strong>Guil-</strong></span> 
     </span>
     <span class='ocr_line' id='line_1_14' title="bbox 86 1984 1156 2084; baseline 0.002 -28"><span class='ocrx_word' id='word_1_91' title='bbox 86 1984 194 2058; x_wconf 93' lang='lat' dir='ltr'><strong>lelmo</strong></span> <span class='ocrx_word' id='word_1_92' title='bbox 213 1984 336 2056; x_wconf 91' lang='lat' dir='ltr'><strong>multis</strong></span> <span class='ocrx_word' id='word_1_93' title='bbox 358 1984 514 2057; x_wconf 86' lang='lat' dir='ltr'><strong>hostiurn</strong></span> <span class='ocrx_word' id='word_1_94' title='bbox 534 1984 748 2059; x_wconf 86' lang='lat' dir='ltr'><strong>tumultibus</strong></span> <span class='ocrx_word' id='word_1_95' title='bbox 770 2003 966 2084; x_wconf 88' lang='lat' dir='ltr'><strong>occupato,</strong></span> <span class='ocrx_word' id='word_1_96' title='bbox 986 1986 1156 2084; x_wconf 73' lang='lat' dir='ltr'><strong>prelatus</strong></span> 
     </span>
     <span class='ocr_line' id='line_1_15' title="bbox 86 2099 1156 2201; baseline 0.004 -30"><span class='ocrx_word' id='word_1_97' title='bbox 86 2103 155 2174; x_wconf 80' lang='lat' dir='ltr'><strong>tiro</strong></span> <span class='ocrx_word' id='word_1_98' title='bbox 189 2128 272 2173; x_wconf 92' lang='lat' dir='ltr'><strong>cum</strong></span> <span class='ocrx_word' id='word_1_99' title='bbox 301 2102 452 2201; x_wconf 79' lang='lat' dir='ltr'><strong>llugone</strong></span> <span class='ocrx_word' id='word_1_100' title='bbox 475 2100 697 2177; x_wconf 85' lang='lat' dir='ltr'><strong>consobrino</strong></span> <span class='ocrx_word' id='word_1_101' title='bbox 720 2128 786 2176; x_wconf 91' lang='lat' dir='ltr'><strong>suo</strong></span> <span class='ocrx_word' id='word_1_102' title='bbox 812 2103 889 2200; x_wconf 83' lang='lat' dir='ltr'><strong>(v),</strong></span> <span class='ocrx_word' id='word_1_103' title='bbox 913 2101 1082 2176; x_wconf 84' lang='lat' dir='ltr'><strong>Richardi</strong></span> <span class='ocrx_word' id='word_1_104' title='bbox 1111 2099 1156 2175; x_wconf 89' lang='lat' dir='ltr'><strong>de</strong></span> 
     </span>
     <span class='ocr_line' id='line_1_16' title="bbox 86 2217 1156 2318; baseline 0 -28"><span class='ocrx_word' id='word_1_105' title='bbox 86 2217 253 2291; x_wconf 80' lang='lat' dir='ltr'><strong>Abrincis</strong></span> <span class='ocrx_word' id='word_1_106' title='bbox 281 2235 522 2317; x_wconf 80' lang='lat' dir='ltr'><strong>cognomento</strong></span> <span class='ocrx_word' id='word_1_107' title='bbox 548 2219 623 2295; x_wconf 85' lang='lat' dir='ltr'><strong>Goa</strong></span> <span class='ocrx_word' id='word_1_108' title='bbox 648 2218 742 2308; x_wconf 87' lang='lat' dir='ltr'><strong>lilio,</strong></span> <span class='ocrx_word' id='word_1_109' title='bbox 780 2221 910 2292; x_wconf 89' lang='lat' dir='ltr'><strong>iterum</strong></span> <span class='ocrx_word' id='word_1_110' title='bbox 942 2218 985 2291; x_wconf 88' lang='lat' dir='ltr'><strong>ad</strong></span> <span class='ocrx_word' id='word_1_111' title='bbox 1021 2218 1156 2318; x_wconf 77' lang='lat' dir='ltr'><strong>Anglos</strong></span> 
     </span>
     <span class='ocr_line' id='line_1_17' title="bbox 86 2334 1156 2436; baseline 0.001 -30"><span class='ocrx_word' id='word_1_112' title='bbox 86 2334 245 2421; x_wconf 88' lang='lat' dir='ltr'><strong>transiit,</strong></span> <span class='ocrx_word' id='word_1_113' title='bbox 263 2352 300 2408; x_wconf 89' lang='lat' dir='ltr'><strong>et</strong></span> <span class='ocrx_word' id='word_1_114' title='bbox 314 2361 456 2434; x_wconf 85' lang='lat' dir='ltr'><strong>semper</strong></span> <span class='ocrx_word' id='word_1_115' title='bbox 473 2337 510 2409; x_wconf 89' lang='lat' dir='ltr'><strong>iu</strong></span> <span class='ocrx_word' id='word_1_116' title='bbox 523 2336 692 2410; x_wconf 85' lang='lat' dir='ltr'><strong>omnibus</strong></span> <span class='ocrx_word' id='word_1_117' title='bbox 702 2336 902 2424; x_wconf 80' lang='lat' dir='ltr'><strong>exercitiis,</strong></span> <span class='ocrx_word' id='word_1_118' title='bbox 922 2361 1004 2436; x_wconf 76' lang='lat' dir='ltr'><strong>quae</strong></span> <span class='ocrx_word' id='word_1_119' title='bbox 1020 2362 1039 2408; x_wconf 92' lang='lat' dir='ltr'><strong>a</strong></span> <span class='ocrx_word' id='word_1_120' title='bbox 1056 2334 1156 2408; x_wconf 91' lang='lat' dir='ltr'><strong>mili·</strong></span> 
     </span>
     <span class='ocr_line' id='line_1_18' title="bbox 86 2450 1155 2555; baseline 0 -31"><span class='ocrx_word' id='word_1_121' title='bbox 86 2451 179 2526; x_wconf 89' lang='lat' dir='ltr'><strong>tibus</strong></span> <span class='ocrx_word' id='word_1_122' title='bbox 196 2452 331 2552; x_wconf 75' lang='lat' dir='ltr'><strong>agenda</strong></span> <span class='ocrx_word' id='word_1_123' title='bbox 348 2470 469 2543; x_wconf 78' lang='lat' dir='ltr'><strong>ernist,</strong></span> <span class='ocrx_word' id='word_1_124' title='bbox 492 2455 588 2528; x_wconf 90' lang='lat' dir='ltr'><strong>inter</strong></span> <span class='ocrx_word' id='word_1_125' title='bbox 607 2456 810 2555; x_wconf 71' lang='lat' dir='ltr'><strong>precipuos</strong></span> <span class='ocrx_word' id='word_1_126' title='bbox 835 2455 963 2555; x_wconf 84' lang='lat' dir='ltr'><strong>viguit.</strong></span> <span class='ocrx_word' id='word_1_127' title='bbox 991 2450 1155 2540; x_wconf 87' lang='lat' dir='ltr'><strong>Deinde,</strong></span> 
     </span>
     <span class='ocr_line' id='line_1_19' title="bbox 86 2569 1157 2673; baseline -0.002 -31"><span class='ocrx_word' id='word_1_128' title='bbox 86 2588 163 2669; x_wconf 84' lang='lat' dir='ltr'><strong>post</strong></span> <span class='ocrx_word' id='word_1_129' title='bbox 184 2571 319 2645; x_wconf 91' lang='lat' dir='ltr'><strong>multos</strong></span> <span class='ocrx_word' id='word_1_130' title='bbox 343 2596 493 2671; x_wconf 79' lang='lat' dir='ltr'><strong>agones,</strong></span> <span class='ocrx_word' id='word_1_131' title='bbox 518 2571 694 2672; x_wconf 67' lang='lat' dir='ltr'><strong>praedicto</strong></span> <span class='ocrx_word' id='word_1_132' title='bbox 712 2572 857 2673; x_wconf 79' lang='lat' dir='ltr'><strong>llugoni</strong></span> <span class='ocrx_word' id='word_1_133' title='bbox 881 2571 1071 2646; x_wconf 86' lang='lat' dir='ltr'><strong>comitatus</strong></span> <span class='ocrx_word' id='word_1_134' title='bbox 1093 2569 1157 2641; x_wconf 86' lang='lat' dir='ltr'><strong>Ce-</strong></span> 
     </span>
     <span class='ocr_line' id='line_1_20' title="bbox 84 2686 1153 2788; baseline -0.001 -28"><span class='ocrx_word' id='word_1_135' title='bbox 84 2689 231 2761; x_wconf 86' lang='lat' dir='ltr'><strong>strensis</strong></span> <span class='ocrx_word' id='word_1_136' title='bbox 247 2686 350 2761; x_wconf 90' lang='lat' dir='ltr'><strong>datus</strong></span> <span class='ocrx_word' id='word_1_137' title='bbox 366 2706 437 2776; x_wconf 90' lang='lat' dir='ltr'><strong>est,</strong></span> <span class='ocrx_word' id='word_1_138' title='bbox 453 2705 489 2762; x_wconf 91' lang='lat' dir='ltr'><strong>et</strong></span> <span class='ocrx_word' id='word_1_139' title='bbox 502 2688 705 2763; x_wconf 82' lang='lat' dir='ltr'><strong>llodbertus</strong></span> <span class='ocrx_word' id='word_1_140' title='bbox 721 2691 889 2788; x_wconf 88' lang='lat' dir='ltr'><strong>princeps</strong></span> <span class='ocrx_word' id='word_1_141' title='bbox 904 2688 1046 2761; x_wconf 83' lang='lat' dir='ltr'><strong>milities</strong></span> <span class='ocrx_word' id='word_1_142' title='bbox 1060 2687 1153 2786; x_wconf 83' lang='lat' dir='ltr'><strong>ejus,</strong></span> 
     </span>
     <span class='ocr_line' id='line_1_21' title="bbox 85 2802 1155 2905; baseline -0.004 -27"><span class='ocrx_word' id='word_1_143' title='bbox 85 2822 119 2878; x_wconf 87' lang='lat' dir='ltr'><strong>et</strong></span> <span class='ocrx_word' id='word_1_144' title='bbox 133 2807 244 2880; x_wconf 91' lang='lat' dir='ltr'><strong>totius</strong></span> <span class='ocrx_word' id='word_1_145' title='bbox 259 2807 456 2904; x_wconf 70' lang='lat' dir='ltr'><strong>provinciae</strong></span> <span class='ocrx_word' id='word_1_146' title='bbox 474 2806 697 2905; x_wconf 82' lang='lat' dir='ltr'><strong>gubernator</strong></span> <span class='ocrx_word' id='word_1_147' title='bbox 712 2810 824 2881; x_wconf 81' lang='lat' dir='ltr'><strong>sactus</strong></span> <span class='ocrx_word' id='word_1_148' title='bbox 839 2823 905 2879; x_wconf 92' lang='lat' dir='ltr'><strong>est.</strong></span> <span class='ocrx_word' id='word_1_149' title='bbox 927 2807 1030 2878; x_wconf 87' lang='lat' dir='ltr'><strong>Tunc</strong></span> <span class='ocrx_word' id='word_1_150' title='bbox 1047 2802 1155 2877; x_wconf 91' lang='lat' dir='ltr'><strong>vicini</strong></span> 
     </span>
     <span class='ocr_line' id='line_1_22' title="bbox 85 2921 1154 3022; baseline -0.003 -30"><span class='ocrx_word' id='word_1_151' title='bbox 85 2921 266 3010; x_wconf 86' lang='lat' dir='ltr'><strong>Britones,</strong></span> <span class='ocrx_word' id='word_1_152' title='bbox 281 2922 343 3021; x_wconf 84' lang='lat' dir='ltr'><strong>qui</strong></span> <span class='ocrx_word' id='word_1_153' title='bbox 360 2921 498 3008; x_wconf 90' lang='lat' dir='ltr'><strong>Gualli,</strong></span> <span class='ocrx_word' id='word_1_154' title='bbox 518 2923 574 2995; x_wconf 84' lang='lat' dir='ltr'><strong>vel</strong></span> <span class='ocrx_word' id='word_1_155' title='bbox 589 2922 794 2996; x_wconf 89' lang='lat' dir='ltr'><strong>Guallenses</strong></span> <span class='ocrx_word' id='word_1_156' title='bbox 807 2923 918 3022; x_wconf 81' lang='lat' dir='ltr'><strong>vulgo</strong></span> <span class='ocrx_word' id='word_1_157' title='bbox 937 2923 1154 3006; x_wconf 74' lang='lat' dir='ltr'><strong>vocitantur,</strong></span> 
     </span>
     <span class='ocr_line' id='line_1_23' title="bbox 86 3035 1157 3140; baseline -0.003 -30"><span class='ocrx_word' id='word_1_158' title='bbox 86 3057 209 3114; x_wconf 80' lang='lat' dir='ltr'><strong>cnvrtra</strong></span> <span class='ocrx_word' id='word_1_159' title='bbox 224 3065 346 3137; x_wconf 74' lang='lat' dir='ltr'><strong>regem</strong></span> <span class='ocrx_word' id='word_1_160' title='bbox 360 3039 595 3112; x_wconf 87' lang='lat' dir='ltr'><strong>Guillelmum</strong></span> <span class='ocrx_word' id='word_1_161' title='bbox 609 3057 645 3113; x_wconf 91' lang='lat' dir='ltr'><strong>et</strong></span> <span class='ocrx_word' id='word_1_162' title='bbox 660 3066 784 3113; x_wconf 88' lang='lat' dir='ltr'><strong>omnes</strong></span> <span class='ocrx_word' id='word_1_163' title='bbox 795 3042 870 3140; x_wconf 83' lang='lat' dir='ltr'><strong>ejus</strong></span> <span class='ocrx_word' id='word_1_164' title='bbox 881 3040 1036 3111; x_wconf 80' lang='lat' dir='ltr'><strong>lautores</strong></span> <span class='ocrx_word' id='word_1_165' title='bbox 1051 3035 1157 3109; x_wconf 89' lang='lat' dir='ltr'><strong>nimis</strong></span> 
     </span>
     <span class='ocr_line' id='line_1_24' title="bbox 85 3154 1157 3258; baseline -0.004 -29"><span class='ocrx_word' id='word_1_166' title='bbox 85 3154 409 3229; x_wconf 89' lang='lat' dir='ltr'><strong>debacchabantur.</strong></span> <span class='ocrx_word' id='word_1_167' title='bbox 435 3157 588 3230; x_wconf 85' lang='lat' dir='ltr'><strong>Decreto</strong></span> <span class='ocrx_word' id='word_1_168' title='bbox 605 3158 723 3256; x_wconf 87' lang='lat' dir='ltr'><strong>itaque</strong></span> <span class='ocrx_word' id='word_1_169' title='bbox 742 3160 854 3258; x_wconf 76' lang='lat' dir='ltr'><strong>regis,</strong></span> <span class='ocrx_word' id='word_1_170' title='bbox 873 3155 1047 3255; x_wconf 86' lang='lat' dir='ltr'><strong>oppidum</strong></span> <span class='ocrx_word' id='word_1_171' title='bbox 1065 3178 1157 3226; x_wconf 90' lang='lat' dir='ltr'><strong>oon·</strong></span> 
     </span>
     <span class='ocr_line' id='line_1_25' title="bbox 87 3265 1158 3371; baseline -0.002 -27"><span class='ocrx_word' id='word_1_172' title='bbox 87 3290 137 3345; x_wconf 91' lang='lat' dir='ltr'><strong>tra</strong></span> <span class='ocrx_word' id='word_1_173' title='bbox 150 3272 299 3348; x_wconf 88' lang='lat' dir='ltr'><strong>Guallos</strong></span> <span class='ocrx_word' id='word_1_174' title='bbox 312 3272 404 3371; x_wconf 90' lang='lat' dir='ltr'><strong>apud</strong></span> <span class='ocrx_word' id='word_1_175' title='bbox 415 3271 655 3345; x_wconf 86' lang='lat' dir='ltr'><strong>Rodelentum</strong></span> <span class='ocrx_word' id='word_1_176' title='bbox 666 3289 914 3346; x_wconf 88' lang='lat' dir='ltr'><strong>constructum</strong></span> <span class='ocrx_word' id='word_1_177' title='bbox 927 3287 1000 3357; x_wconf 90' lang='lat' dir='ltr'><strong>cst,</strong></span> <span class='ocrx_word' id='word_1_178' title='bbox 1015 3287 1052 3342; x_wconf 92' lang='lat' dir='ltr'><strong>et</strong></span> <span class='ocrx_word' id='word_1_179' title='bbox 1063 3265 1158 3342; x_wconf 80' lang='lat' dir='ltr'><strong>Rod-</strong></span> 
     </span>
     <span class='ocr_line' id='line_1_26' title="bbox 86 3382 1158 3490; baseline -0.007 -25"><span class='ocrx_word' id='word_1_180' title='bbox 86 3390 210 3478; x_wconf 85' lang='lat' dir='ltr'><strong>berto,</strong></span> <span class='ocrx_word' id='word_1_181' title='bbox 233 3408 273 3463; x_wconf 92' lang='lat' dir='ltr'><strong>ut</strong></span> <span class='ocrx_word' id='word_1_182' title='bbox 295 3393 367 3489; x_wconf 87' lang='lat' dir='ltr'><strong>ipsc</strong></span> <span class='ocrx_word' id='word_1_183' title='bbox 385 3416 454 3489; x_wconf 89' lang='lat' dir='ltr'><strong>pro</strong></span> <span class='ocrx_word' id='word_1_184' title='bbox 471 3388 675 3464; x_wconf 76' lang='lat' dir='ltr'><strong>defensione</strong></span> <span class='ocrx_word' id='word_1_185' title='bbox 695 3389 837 3490; x_wconf 79' lang='lat' dir='ltr'><strong>Anglici</strong></span> <span class='ocrx_word' id='word_1_186' title='bbox 867 3389 969 3488; x_wconf 81' lang='lat' dir='ltr'><strong>regni</strong></span> <span class='ocrx_word' id='word_1_187' title='bbox 994 3382 1158 3458; x_wconf 84' lang='lat' dir='ltr'><strong>barbaris</strong></span> 
     </span>
     <span class='ocr_line' id='line_1_27' title="bbox 86 3504 1154 3609; baseline -0.005 -28"><span class='ocrx_word' id='word_1_188' title='bbox 86 3522 345 3609; x_wconf 82' lang='lat' dir='ltr'><strong>opponeretur,</strong></span> <span class='ocrx_word' id='word_1_189' title='bbox 374 3505 495 3579; x_wconf 89' lang='lat' dir='ltr'><strong>datum</strong></span> <span class='ocrx_word' id='word_1_190' title='bbox 527 3523 593 3579; x_wconf 89' lang='lat' dir='ltr'><strong>est.</strong></span> <span class='ocrx_word' id='word_1_191' title='bbox 619 3507 812 3581; x_wconf 88' lang='lat' dir='ltr'><strong>Bellicosus</strong></span> <span class='ocrx_word' id='word_1_192' title='bbox 840 3504 1001 3597; x_wconf 87' lang='lat' dir='ltr'><strong>marchio</strong></span> <span class='ocrx_word' id='word_1_193' title='bbox 1029 3520 1154 3579; x_wconf 91' lang='lat' dir='ltr'><strong>contra</strong></span> 
     </span>
     <span class='ocr_line' id='line_1_28' title="bbox 90 3619 1158 3724; baseline -0.003 -30"><span class='ocrx_word' id='word_1_194' title='bbox 90 3625 284 3724; x_wconf 88' lang='lat' dir='ltr'><strong>inquietam</strong></span> <span class='ocrx_word' id='word_1_195' title='bbox 298 3639 443 3722; x_wconf 76' lang='lat' dir='ltr'><strong>gentem</strong></span> <span class='ocrx_word' id='word_1_196' title='bbox 459 3624 650 3721; x_wconf 69' lang='lat' dir='ltr'><strong>saepissime</strong></span> <span class='ocrx_word' id='word_1_197' title='bbox 664 3620 827 3696; x_wconf 82' lang='lat' dir='ltr'><strong>conilixit</strong></span> <span class='ocrx_word' id='word_1_198' title='bbox 835 3677 845 3711; x_wconf 88' lang='lat'><strong>,</strong></span> <span class='ocrx_word' id='word_1_199' title='bbox 865 3619 1072 3720; x_wconf 89' lang='lat' dir='ltr'><strong>crebrisque</strong></span> <span class='ocrx_word' id='word_1_200' title='bbox 1085 3644 1158 3692; x_wconf 81' lang='lat' dir='ltr'><strong>cer·</strong></span> 
     </span>
     <span class='ocr_line' id='line_1_29' title="bbox 90 3736 1156 3841; baseline -0.005 -29"><span class='ocrx_word' id='word_1_201' title='bbox 90 3738 789 3841; x_wconf 76' lang='lat' dir='ltr'><strong>taminibusmultumsanguiniselludit.</strong></span> <span class='ocrx_word' id='word_1_202' title='bbox 807 3739 936 3812; x_wconf 80' lang='lat' dir='ltr'><strong>lncolis</strong></span> <span class='ocrx_word' id='word_1_203' title='bbox 949 3739 1066 3838; x_wconf 88' lang='lat' dir='ltr'><strong>itaque</strong></span> <span class='ocrx_word' id='word_1_204' title='bbox 1077 3736 1156 3807; x_wconf 88' lang='lat' dir='ltr'><strong>Bri·</strong></span> 
     </span>
     <span class='ocr_line' id='line_1_30' title="bbox 90 3854 1154 3957; baseline -0.003 -30"><span class='ocrx_word' id='word_1_205' title='bbox 90 3857 233 3930; x_wconf 89' lang='lat' dir='ltr'><strong>touibus</strong></span> <span class='ocrx_word' id='word_1_206' title='bbox 246 3884 341 3930; x_wconf 77' lang='lat' dir='ltr'><strong>saevo</strong></span> <span class='ocrx_word' id='word_1_207' title='bbox 359 3858 475 3931; x_wconf 80' lang='lat' dir='ltr'><strong>Marte</strong></span> <span class='ocrx_word' id='word_1_208' title='bbox 492 3859 656 3957; x_wconf 90' lang='lat' dir='ltr'><strong>repulsis,</strong></span> <span class='ocrx_word' id='word_1_209' title='bbox 674 3858 761 3931; x_wconf 87' lang='lat' dir='ltr'><strong>fines</strong></span> <span class='ocrx_word' id='word_1_210' title='bbox 774 3883 854 3931; x_wconf 88' lang='lat' dir='ltr'><strong>suos</strong></span> <span class='ocrx_word' id='word_1_211' title='bbox 869 3855 1099 3943; x_wconf 86' lang='lat' dir='ltr'><strong>dilatavit,et</strong></span> <span class='ocrx_word' id='word_1_212' title='bbox 1118 3854 1154 3924; x_wconf 88' lang='lat' dir='ltr'><strong>in</strong></span> 
     </span>
     <span class='ocr_line' id='line_1_31' title="bbox 91 3971 1155 4077; baseline -0.005 -32"><span class='ocrx_word' id='word_1_213' title='bbox 91 3991 210 4048; x_wconf 87' lang='lat' dir='ltr'><strong>munte</strong></span> <span class='ocrx_word' id='word_1_214' title='bbox 228 3974 441 4073; x_wconf 81' lang='lat' dir='ltr'><strong>Dagaunotb</strong></span> <span class='ocrx_word' id='word_1_215' title='bbox 458 3980 529 4069; x_wconf 62' lang='lat' dir='ltr'><strong>(a),</strong></span> <span class='ocrx_word' id='word_1_216' title='bbox 547 3978 609 4077; x_wconf 91' lang='lat' dir='ltr'><strong>qui</strong></span> <span class='ocrx_word' id='word_1_217' title='bbox 626 3977 716 4048; x_wconf 89' lang='lat' dir='ltr'><strong>mari</strong></span> <span class='ocrx_word' id='word_1_218' title='bbox 734 3976 924 4075; x_wconf 77' lang='lat' dir='ltr'><strong>contiguus</strong></span> <span class='ocrx_word' id='word_1_219' title='bbox 940 3990 1009 4063; x_wconf 87' lang='lat' dir='ltr'><strong>est,</strong></span> <span class='ocrx_word' id='word_1_220' title='bbox 1029 3971 1155 4044; x_wconf 81' lang='lat' dir='ltr'><strong>sortis-</strong></span> 
     </span>
    </p>
   </div>
   <div class='ocr_carea' id='block_1_3' title="bbox 134 4124 1071 4137">
    <p class='ocr_par' dir='ltr' id='par_1_4' title="bbox 134 4124 1071 4137">
     <span class='ocr_line' id='line_1_32' title="bbox 134 4124 1071 4137; baseline -0.001 -4"><span class='ocrx_word' id='word_1_221' title='bbox 134 4126 289 4134; x_wconf 73' lang='lat'><strong>----.-.-</strong></span> <span class='ocrx_word' id='word_1_222' title='bbox 300 4126 426 4135; x_wconf 75' lang='lat'><em>--.—--</em></span> <span class='ocrx_word' id='word_1_223' title='bbox 449 4128 863 4137; x_wconf 54' lang='lat'>·--..--——-————-*·———</span> <span class='ocrx_word' id='word_1_224' title='bbox 880 4126 1023 4135; x_wconf 48' lang='grc' dir='ltr'>..ς-μ.-.</span> <span class='ocrx_word' id='word_1_225' title='bbox 1054 4124 1071 4130; x_wconf 68' lang='grc' dir='ltr'><strong>ι-</strong></span> 
     </span>
    </p>
   </div>
   <div class='ocr_carea' id='block_1_4' title="bbox 124 4194 1158 4360">
    <p class='ocr_par' dir='ltr' id='par_1_5' title="bbox 124 4194 1158 4360">
     <span class='ocr_line' id='line_1_33' title="bbox 124 4194 1085 4267; baseline -0.005 -19"><span class='ocrx_word' id='word_1_226' title='bbox 124 4198 160 4266; x_wconf 83' lang='grc' dir='ltr'><strong>ἰ)</strong></span> <span class='ocrx_word' id='word_1_227' title='bbox 174 4195 290 4267; x_wconf 77' lang='lat' dir='ltr'><strong>llugur,</strong></span> <span class='ocrx_word' id='word_1_228' title='bbox 304 4196 420 4249; x_wconf 86' lang='lat' dir='ltr'><strong>ricnrntc</strong></span> <span class='ocrx_word' id='word_1_229' title='bbox 433 4195 633 4264; x_wconf 78' lang='lat' dir='ltr'><strong>d’Avrancbes,</strong></span> <span class='ocrx_word' id='word_1_230' title='bbox 647 4208 676 4253; x_wconf 88' lang='lat' dir='ltr'><strong>et</strong></span> <span class='ocrx_word' id='word_1_231' title='bbox 687 4199 798 4252; x_wconf 84' lang='lat' dir='ltr'><strong>ensuite</strong></span> <span class='ocrx_word' id='word_1_232' title='bbox 810 4207 900 4252; x_wconf 80' lang='lat' dir='ltr'><strong>comte</strong></span> <span class='ocrx_word' id='word_1_233' title='bbox 912 4194 950 4249; x_wconf 91' lang='lat' dir='ltr'><strong>de</strong></span> <span class='ocrx_word' id='word_1_234' title='bbox 959 4194 1085 4249; x_wconf 80' lang='lat' dir='ltr'><strong>Clsestcr.</strong></span> 
     </span>
     <span class='ocr_line' id='line_1_34' title="bbox 127 4279 1158 4360; baseline -0.008 -19"><span class='ocrx_word' id='word_1_235' title='bbox 127 4289 157 4347; x_wconf 77' lang='lat'><strong>¹2,</strong></span> <span class='ocrx_word' id='word_1_236' title='bbox 174 4286 280 4340; x_wconf 83' lang='lat' dir='ltr'><strong>llobcrt</strong></span> <span class='ocrx_word' id='word_1_237' title='bbox 290 4285 359 4340; x_wconf 72' lang='lat' dir='ltr'><strong>sarit</strong></span> <span class='ocrx_word' id='word_1_238' title='bbox 371 4304 409 4340; x_wconf 89' lang='lat' dir='ltr'><strong>un</strong></span> <span class='ocrx_word' id='word_1_239' title='bbox 419 4286 535 4342; x_wconf 74' lang='lat' dir='ltr'><strong>cbitcau</strong></span> <span class='ocrx_word' id='word_1_240' title='bbox 548 4306 595 4341; x_wconf 87' lang='lat' dir='ltr'><strong>sur</strong></span> <span class='ocrx_word' id='word_1_241' title='bbox 607 4287 647 4341; x_wconf 85' lang='lat' dir='ltr'><strong>les</strong></span> <span class='ocrx_word' id='word_1_242' title='bbox 660 4289 793 4341; x_wconf 83' lang='lat' dir='ltr'><strong>bantcurs</strong></span> <span class='ocrx_word' id='word_1_243' title='bbox 804 4287 852 4360; x_wconf 84' lang='lat' dir='ltr'><strong>qui</strong></span> <span class='ocrx_word' id='word_1_244' title='bbox 865 4284 1010 4339; x_wconf 71' lang='lat' dir='ltr'><strong>domitent</strong></span> <span class='ocrx_word' id='word_1_245' title='bbox 1024 4279 1158 4335; x_wconf 86' lang='lat' dir='ltr'><strong>l’etnbon-</strong></span> 
     </span>
    </p>
   </div>
   <div class='ocr_carea' id='block_1_5' title="bbox 0 0 1537 5244">
    <p class='ocr_par' dir='ltr' id='par_1_6' title="bbox 0 0 1537 5244">
     <span class='ocr_line' id='line_1_35' title="bbox 0 0 1537 5244; baseline 0 0"><span class='ocrx_word' id='word_1_246' title='bbox 0 0 1537 5244; x_wconf 95' lang='lat' dir='ltr'><strong> </strong></span> 
     </span>
    </p>
   </div>
  </div>
 </body>
</html>
