3046 5244
90 433 177 507 [nto
194 432 286 508 1097]
491 424 609 488 sassa
631 426 768 489 sonus.
1104 432 1162 495 soi

95 561 332 660 tentoriisque
348 556 626 633 occidentalium
640 558 782 645 locatis,
799 556 941 633 obsessa
957 574 1009 634 eat
1028 560 1166 651 Nicaea,

96 681 205 751 totius
218 679 404 750 Romaniae
418 693 542 776 caput,
554 674 644 750 urbe
654 677 908 770 munitissima,
920 693 1047 779 utpote
1059 706 1169 781 quem

94 793 327 868 ostentabant
344 790 659 892 inexpugnabilem
676 818 769 881 esse,
789 794 826 867 in
846 794 984 869 coelum
1003 812 1169 895 porrecta

94 913 249 999 moenia,
270 913 436 1011 lacusque
454 909 615 1011 adjacens
631 913 706 1010 (a),
725 911 907 985 civitatem
924 938 944 985 a
959 912 1072 987 latere
1086 914 1170 988 ciu-

95 1056 195 1131 gens.
216 1031 403 1129 inprimis
426 1027 474 1100 ibi
496 1044 569 1101 tam
592 1027 798 1102 calamitosa
816 1028 886 1103 luit
907 1030 1027 1130 inopia
1044 1029 1167 1131 panis,

93 1165 286 1247 sinequam
304 1161 483 1218 mercatus
508 1143 555 1215 ab
577 1145 796 1243 imperatore
813 1142 1048 1245 dirigeretur,
1073 1162 1116 1221 ut
1138 1146 1167 1219 ai

93 1263 240 1362 aptando
268 1290 358 1335 unns
382 1262 485 1361 panis
508 1260 773 1351 inveniebatur,
795 1263 923 1363 viginti
945 1263 1003 1338 vel
1020 1264 1169 1365 triginta

91 1381 247 1454 denariis
263 1392 465 1453 emeretur:
477 1376 547 1452 Sed
560 1379 637 1453 Deo
656 1377 703 1453 de
722 1379 794 1451 suis
818 1395 1056 1479 procurante,
1076 1405 1170 1455 oon·

91 1500 206 1570 les-tim
224 1496 454 1570 boamundus
471 1496 591 1584 venit,
612 1514 650 1571 et
671 1499 858 1595 copiosum
883 1514 979 1572 terra
1003 1499 1170 1601 marique

89 1617 288 1688 exercitum
306 1613 467 1688 deduxit.
487 1614 638 1713 lnopina
659 1616 779 1716 itaque
794 1614 1004 1689 victualium
1023 1613 1170 1690 ubertas

90 1748 240 1831 repente
258 1735 347 1805 lacta
372 1731 479 1805 estin
498 1747 573 1804 tota
591 1730 724 1804 Christi
743 1731 885 1805 militia.
907 1733 950 1806 ln
973 1729 1033 1807 die
1047 1748 1170 1807 autem

91 1851 289 1922 Dominieae
308 1849 536 1923 Ascensionis
553 1851 608 1947 (a)
624 1849 779 1950 aggressi
804 1866 890 1923 sunt
906 1848 1036 1924 urbem
1052 1876 1170 1950 expo·

92 1992 222 2064 gnare,
241 1982 276 2037 et
292 1966 426 2065 ligneas
442 1980 570 2039 contra
587 1965 766 2039 muralem
782 1963 1011 2039 altitudinem
1028 1964 1169 2041 macbi-
1278 1948 1287 1969 ⁸

94 2108 155 2151 nas
172 2081 324 2179 erigere.
346 2081 415 2153 Per
428 2079 519 2153 duos
532 2080 644 2182 igitur
659 2078 735 2154 dies
751 2080 884 2154 acriter
900 2080 1106 2155 inlectantes
1120 2082 1171 2157 ei·

93 2197 260 2282 vitatem,
285 2198 403 2269 conati
422 2212 507 2270 sunt
522 2196 681 2272 effodere
705 2223 866 2271 murum.
896 2196 1077 2289 Gentiles,
1102 2198 1167 2301 qui

94 2314 187 2385 intus
205 2329 328 2399 erant,
345 2330 505 2387 econtra
522 2314 678 2388 viriliter
696 2315 847 2402 instare,
864 2339 990 2389 muro·
1007 2332 1169 2417 penates·

91 2456 161 2528 que
184 2457 267 2502 snos
291 2458 418 2530 magna
436 2434 471 2504 vi
488 2431 691 2519 defensare,
719 2430 853 2532 lapides
867 2446 906 2506 et
928 2433 1063 2534 apicula
1079 2432 1169 2508 diri·

90 2574 191 2645 gere,
211 2550 343 2648 clypeis
359 2575 396 2622 se
424 2566 634 2650 protegere,
653 2566 691 2625 et
715 2551 983 2651 supervenienti
1008 2552 1164 2626 telorum

19 2692 23 2697 ·
91 2665 218 2739 nimbo
234 2665 404 2740 audacter
416 2693 453 2741 se
466 2693 665 2769 opponere.
683 2668 716 2741 E
731 2669 881 2769 regione
893 2668 988 2743 Galli
1004 2668 1096 2744 nibil
1112 2671 1164 2745 iu·

92 2797 269 2857 tentatum
284 2784 508 2886 relinquere,
525 2802 778 2861 consertorum
791 2783 970 2860 testudine
979 2802 1165 2861 acutorum

90 2927 126 2973 se
149 2905 347 2990 occultare,
367 2921 404 2977 et
420 2906 471 2978 sic
485 2905 685 3004 jaculorum
703 2905 908 3005 ingruentia
931 2902 1111 2994 devitare,
1129 2920 1167 2979 et

91 3044 250 3117 persaepe
274 3021 476 3093 fatiscentes
492 3021 652 3095 obsessos
669 3022 854 3096 lacessere.
874 3020 978 3096 Cives
994 3021 1163 3112 interim,

91 3138 204 3209 missis
217 3139 378 3226 nunciis,
396 3168 413 3210 a
433 3139 702 3212 contribulibus
716 3140 788 3212 suis
805 3155 841 3213 et
857 3138 1022 3215 affinibus
1030 3138 1166 3242 adjuto

89 3255 185 3326 rium
212 3274 479 3345 convocarunt,
509 3255 694 3331 dieentes:
714 3257 947 3343 Accelerote;
964 3284 1034 3357 per
1056 3261 1166 3330 men‘·

89 3372 243 3443 dianam
249 3392 414 3473 portam,
424 3371 774 3471 nr‘lrilformidontes,
790 3375 936 3461 intrate,
949 3398 1033 3471 quae
1040 3370 1168 3446 odltuc

88 3488 137 3558 ab
151 3495 248 3560 ornrn‘
259 3510 368 3562 vacca!
387 3491 599 3563 obsidione!
611 3492 741 3579 Porro,
761 3488 956 3563 auxiliante
968 3488 1058 3579 Deo,
1075 3488 1167 3562 mul·

90 3622 168 3677 tum
183 3607 289 3679 aliter
302 3611 422 3680 evenit
438 3607 514 3681 luce
531 3607 770 3709 sperantibus.
789 3608 872 3707 lpso
885 3606 983 3680 enim
995 3604 1072 3695 die,
1087 3605 1167 3679 eub-
1245 3594 1250 3603 ¹

89 3719 176 3794 bato
193 3725 327 3796 scilicet
345 3741 425 3822 post
444 3726 698 3801 Ascensionem
716 3725 884 3811 Domini,
899 3723 1167 3824 Podiensiscpi-

125 4012 133 4061 l
140 4010 165 4077 a)
182 4009 217 4060 la
233 4009 430 4065 lacescamus.

127 4100 162 4161 (a'
182 4099 217 4149 l,c
231 4117 246 4169 7
261 4102 324 4151 mai
