3046 5244
342 416 403 479 391
616 412 799 473 1118101111
824 410 1128 469 Ecetffitts'rttta.
1199 412 1292 487 [ciaet
1315 408 1407 485 totto]

338 544 664 633 debacchabantur,
684 542 980 641 sodomiticisque
996 540 1176 639 spurcitiis
1196 535 1283 611 suedi
1306 554 1406 609 cata-

338 664 437 736 mitte
452 666 520 759 (r),
538 662 687 733 {lammis
705 658 845 746 urerrdi,
863 660 1017 756 turpiter
1033 656 1285 729 abutebantur.
1303 656 1406 728 Ritus

338 777 488 853 heroum
511 776 743 877 abjiciebant,
766 774 990 848 hortamenta
1009 773 1233 847 sacerdotum
1259 772 1405 846 deride·-

337 892 443 980 bant,
464 893 763 992 barbaricumque
789 919 926 964 morem
955 894 989 963 in
1016 890 1138 964 habitu
1163 907 1199 963 et
1217 891 1287 962 vita
1306 906 1406 963 tene·

335 1007 436 1083 bant.
467 1010 557 1081 Nam
575 1009 757 1107 capillosa
785 1010 917 1079 vertice
942 1010 976 1078 in
1000 1010 1159 1080 seoritem
1177 1005 1402 1079 discrimina·

335 1124 441 1213 bant,
477 1127 602 1225 longos
627 1128 745 1197 crines
773 1126 879 1196 ueluti
912 1125 1077 1197 mulieres
1111 1123 1338 1211 nutriebant,
1368 1142 1402 1196 et

332 1270 560 1342 summopere
577 1242 769 1328 curabant,
787 1243 1005 1342 prolixisque
1030 1243 1254 1342 nimiumque
1269 1243 1403 1313 strictis

332 1362 483 1432 camisiis
510 1358 628 1444 indui,
648 1361 850 1458 tunicisque
876 1357 1092 1456 gaudebant.
1119 1359 1233 1430 Omne
1261 1374 1402 1458 tempus

331 1474 476 1575 quidam
505 1474 741 1572 usurpabant,
768 1492 804 1547 et
828 1492 927 1546 extra
952 1476 1066 1573 legem
1096 1476 1160 1548 Dei
1189 1500 1401 1576 moremque

332 1593 488 1690 patrium
507 1618 574 1690 pro
593 1592 697 1664 libitu
716 1620 779 1665 suo
792 1591 982 1664 ducebant.
1001 1593 1114 1666 Nocte
1133 1595 1399 1667 comessationi·

331 1707 397 1781 bus
414 1726 450 1781 et
467 1709 731 1807 potationibus,
749 1711 917 1808 rastrisque
934 1710 1299 1798 consalnrlationihus,
1316 1712 1400 1785 alcis

330 1840 367 1898 et
393 1828 549 1913 tesseris,
580 1826 727 1925 aliisque
752 1826 897 1898 ludicris
922 1832 976 1921 (a)
1004 1827 1193 1915 raeabaut3
1218 1827 1276 1901 die
1312 1856 1400 1900 vern

329 1940 570 2015 dormiebant.
587 1944 643 2014 Sic
665 1961 744 2040 post
765 1943 904 2015 obitum
923 1944 1088 2041 Gregorii
1110 1972 1230 2043 papae,
1248 1961 1284 2017 et
1300 1944 1400 2017 (11ιί1-

331 2060 427 2132 lelmi
447 2060 575 2145 Nothi,
602 2062 827 2162 aliorumque
848 2064 1051 2160 principum
1070 2063 1340 2159 religiosorum,
1363 2064 1397 2134 in

329 2177 486 2251 occiduis
504 2179 667 2277 partibus
684 2204 774 2277 pene
793 2195 888 2251 totus
910 2178 1066 2252 abolitus
1087 2196 1139 2251 est
1158 2179 1326 2253 lionestus
1339 2206 1398 2279 pn·

330 2308 428 2365 trum
443 2319 520 2366 mos
536 2296 781 2393 antiquorum.
798 2294 853 2366 llli
866 2296 963 2366 enim
978 2293 1145 2367 modestis
1157 2292 1399 2367 vestiebantur

330 2408 567 2493 indumentis,
598 2412 806 2508 optimeque
840 2413 1011 2506 coaptatis
1034 2408 1076 2482 ad
1104 2413 1156 2483 sui
1193 2436 1397 2484 mertsuram

328 2524 504 2621 eorporis.
533 2524 581 2594 Et
596 2542 700 2595 erant
723 2524 857 2596 habiles
874 2524 916 2596 ad
940 2525 1173 2625 equitandum
1193 2543 1229 2599 et
1252 2552 1399 2597 curren·

328 2638 434 2725 dum,
449 2639 537 2711 etad
548 2665 656 2711 rimiae
668 2668 756 2738 opus
767 2640 862 2741 qnod
878 2645 969 2713 ratio
978 2641 1189 2742 suggerebat
1202 2642 1396 2740 argutulum.

331 2755 395 2828 Ast
409 2757 445 2829 in
464 2756 588 2828 diebus·
604 2759 677 2828 istis
692 2774 851 2829 veterani
870 2760 958 2829 ritus
968 2786 1058 2857 pene
1078 2777 1171 2831 totus
1185 2763 1287 2833 noris
1300 2759 1398 2833 arlin-

330 2874 558 2946 rentionilius
593 2891 831 2945 commutatus
865 2892 931 2947 est.
964 2876 1167 2949 Femineam
1205 2876 1396 2950 mollitiem

331 2990 491 3087 petulans
512 2994 680 3087 juventus
703 2994 946 3089 amplectitur,
963 2994 1174 3093 luminisque
1192 2993 1259 3065 tiri
1280 2994 1395 3066 euria-

331 3106 380 3179 les
404 3109 439 3179 in
464 3109 563 3178 omni
597 3110 734 3179 lascivia
763 3136 990 3207 summopere
1023 3111 1226 3183 rnlrilantnr.
1263 3110 1395 3183 Pedum

328 3222 504 3309 articulis,
527 3220 586 3293 nbi
613 3223 692 3294 linis
711 3241 760 3295 est
779 3228 960 3321 corporis,
984 3224 1255 3298 colubrinarum
1272 3226 1397 3297 simili·

331 3338 489 3413 tudinem
517 3340 709 3411 eaudarnm
729 3344 939 3437 imponunt,
965 3369 1053 3440 qums
1072 3343 1167 3414 relut
1189 3342 1396 3439 stairpiurws

330 3483 406 3556 pra·
419 3458 531 3529 oeulis
549 3461 619 3528 suis
634 3459 870 3557 prospiciunt.
895 3460 1050 3531 llumunr
1071 3487 1215 3559 quutpic
1231 3460 1395 3557 pulveru-

328 3573 461 3646 lentam
478 3576 714 3648 interularum
729 3593 760 3647 et
780 3578 970 3673 palliorum
984 3576 1330 3675 snperllnosnranate
1340 3580 1394 3669 (t.

363 3832 401 3891 (Γ
418 3826 509 3895 vote}
525 3828 674 3883 ct-tleatns,
689 3840 709 3877 t.
727 3827 768 3881 ll.
786 3848 802 3897 p
827 3826 887 3882 itti,

362 3918 401 3983 it)
417 3915 555 3969 laddum
585 3916 624 3966 lla
648 3916 682 3965 tlt·
696 3916 719 3965 la
737 3936 757 3965 tt
768 3936 811 3965 tnt·
824 3914 858 3966 tlt·
872 3916 970 3969 Stude.

365 4001 403 4067 13,·
420 4005 461 4056 tta
477 4016 532 4056 taint
550 4024 606 4061 :rei
628 4026 716 4057 naar.
736 4024 825 4073 ηιμ-ιιι·
840 4004 873 4054 de
889 4006 967 4063 inlu,
985 4018 1094 4075 qanta-n
1110 4007 1245 4057 trainaun·
1260 4004 1310 4057 tlt-a
1321 4016 1395 4055 aaut·

330 4107 418 4147 trient·
454 4096 487 4145 lr·
508 4105 580 4147 letti·
600 4100 625 4143 ·'r
657 4095 800 4148 llnrlrunr
823 4116 866 4163 pan
876 4108 901 4145 tr
926 4118 1034 4149 carrina.
1057 4117 1098 4167 pat
1125 4108 1195 4147 tritt·-
1215 4095 1298 4147 d'uar·
1321 4102 1395 4147 lule·

330 4184 532 4253 dinumerans.
