3046 5244
229 413 435 487 [rosc-ross]
592 412 706 471 urum
728 413 915 471 octavus.
1228 416 1289 476 ss:

228 568 295 641 pro
318 569 378 640 spe
401 559 437 615 et
461 543 627 642 cupidine
649 571 841 617 munerum
866 544 932 616 sibi
956 547 1166 617 connexuit.
1194 546 1294 618 Deti-

227 661 343 730 cieutc
356 661 499 749 aerario,
515 662 709 733 lleurieum
724 666 870 734 fratrem
883 689 1004 749 suum,
1021 678 1061 733 ut
1073 663 1116 735 de
1128 663 1294 735 thesauro

226 802 288 847 suo
313 774 379 845 sibi
409 775 529 863 daret,
559 779 758 877 requisivit.
785 778 887 869 Quod
920 779 978 852 illc
1004 781 1156 853 omniuo
1180 780 1294 852 lacere

228 895 355 967 noluit.
385 895 464 966 Dux
493 912 608 967 autem
637 896 818 968 mandarit
845 900 875 968 ei
902 897 1017 997 quod,
1044 900 1070 969 si
1101 899 1224 985 rellet,
1250 897 1295 970 de

228 1027 320 1083 terra
337 1038 396 1082 sua
412 1011 583 1083 scrideret
601 1013 667 1084 itti.
686 1015 873 1100 lleuricus,
890 1029 929 1084 ut
946 1013 1079 1085 audivit
1094 1013 1192 1113 quod
1209 1039 1295 1086 eou-

229 1130 382 1225 cupivit,
412 1128 580 1200 mandato
609 1130 729 1200 lratris
760 1128 915 1201 libenter
946 1129 1141 1230 adquievit.
1174 1131 1295 1203 Pactio

229 1247 345 1344 itaque
367 1247 460 1316 iuter
475 1247 602 1317 fratres
620 1246 721 1317 lirma
739 1249 828 1319 laeta
847 1263 912 1318 est.
932 1249 1108 1319 lleurieus
1124 1246 1204 1318 duci
1227 1248 1293 1317 tria

229 1363 336 1432 millia
359 1361 532 1432 librarum
546 1365 683 1460 argenti
700 1365 874 1462 erogarit,
893 1380 929 1435 et
942 1363 987 1434 ab
1005 1389 1048 1435 eo
1066 1380 1183 1435 totum
1200 1364 1292 1434 Con·

228 1480 421 1547 stantiuum
436 1503 564 1575 pagum
581 1481 596 1574 (
605 1482 650 1575 t),
666 1504 747 1578 quae
763 1479 866 1550 tertia
881 1479 1116 1551 Normauuioe
1132 1506 1214 1578 pars
1227 1494 1293 1565 est,

228 1596 372 1692 reecpit.
394 1596 451 1665 Sic
468 1596 643 1666 Hernicus
658 1595 833 1667 Abrincas
848 1612 885 1667 et
904 1598 1173 1686 Constantiam,
1192 1596 1297 1667 lllon·

229 1726 369 1810 temque
386 1712 504 1782 Sancti
523 1711 706 1785 Michaelis
724 1714 760 1785 iu
777 1713 939 1811 periculo
956 1715 1082 1799 maris,
1104 1729 1295 1812 totumque

227 1828 373 1899 luculum
404 1831 458 1924 (a)
492 1830 653 1927 lingonis
687 1830 880 1901 cestrensis
915 1832 1091 1915 (cristulis,
1127 1829 1222 1929 quod
1257 1832 1292 1899 in

229 1944 388 2016 Neustria
412 1945 633 2042 possidebat,
654 1949 823 2045 primitus
843 1946 1014 2020 obtinuit.
1038 1948 1295 2020 Constantian-

229 2086 298 2134 sem
330 2065 447 2162 itaque
477 2066 701 2161 provinciam
731 2064 822 2137 bene
854 2065 1090 2164 gubernarit,
1125 2089 1295 2164 suamque

226 2182 447 2278 juventutem
464 2182 688 2254 laudabiliter
700 2183 871 2255 exercuit.
886 2184 952 2254 llic
966 2185 1001 2254 iu
1018 2182 1162 2254 infantia
1173 2179 1297 2253 studiis

230 2297 429 2369 litterarum
452 2327 468 2369 a
488 2299 697 2397 parentibus
722 2299 872 2371 traditus
892 2316 963 2387 est,
983 2315 1019 2370 ct
1043 2315 1113 2369 tam
1140 2297 1294 2370 naturali

230 2440 334 2515 quam
356 2415 549 2488 doctrinali
570 2418 714 2489 scientia
737 2417 907 2490 nobiliter
927 2415 1084 2488 imbutus
1101 2433 1165 2487 est.
1191 2418 1296 2487 llunc

231 2534 458 2613 Latrlrancus,
469 2533 756 2607 Dorobernensis
766 2536 962 2633 episcopus,
975 2533 1060 2606 dum
1069 2533 1228 2633 jtirenile
1237 2558 1297 2605 ro·

229 2648 297 2722 bur
324 2653 500 2747 attingere
531 2652 640 2739 ridit,
669 2653 711 2723 ad
740 2679 838 2723 arma
867 2679 936 2750 pro
963 2651 1167 2724 defensione
1192 2651 1294 2749 regni

229 2770 389 2858 sustulit,
411 2795 564 2869 «acinique
588 2770 696 2842 lorica
718 2768 850 2857 induit,
876 2786 912 2840 et
934 2770 1070 2867 galeam
1094 2768 1199 2865 cupiti
1224 2768 1298 2865 ejus

232 2887 419 2982 imposuit3
447 2887 570 2984 eique,
591 2903 629 2956 ut
653 2888 744 2984 regis
767 2887 842 2957 lilio
867 2902 903 2957 et
927 2888 961 2956 iu
983 2887 1092 2985 regali
1111 2901 1297 2955 stemmate

232 3019 333 3089 nato,
350 3003 490 3073 militias
510 3002 695 3100 cingulum
712 3004 747 3074 in
765 3004 911 3074 nominc
930 3003 1075 3074 Domini
1092 3002 1205 3074 cinxit
1224 3002 1293 3098 (a).

231 3120 293 3192 llic
312 3146 363 3192 un
385 3122 505 3206 anuis,
527 3120 658 3219 quibus
676 3147 782 3217 super
801 3120 937 3219 Anglos
955 3120 1167 3192 Guillelmus
1187 3118 1295 3189 Rulus

231 3240 411 3338 regnavit,
436 3237 649 3311 laboriosam
675 3263 740 3336 per
760 3240 875 3311 varios
893 3238 1038 3310 mobilis
1053 3239 1294 3312 lortuuaero-

232 3371 320 3427 tatus
332 3359 441 3427 vitam
459 3359 643 3454 transegit,
659 3373 693 3427 et
710 3354 869 3426 tristibus
886 3380 946 3426 scu
964 3356 1054 3425 laetis
1068 3354 1294 3441 exercitatus,

259 3671 296 3738 (a)
314 3669 436 3741 Puisque
452 3669 609 3722 Arrauclres
626 3686 661 3721 en
678 3668 766 3721 l'aisait
787 3667 889 3738 partie,
908 3664 926 3716 il
945 3662 1031 3715 lallait
1049 3663 1156 3733 ajouter
1172 3661 1296 3716 t‘avran-

229 3760 289 3813 rliiu
305 3772 332 3811 ct
348 3760 437 3812 uuime
449 3759 472 3810 la
488 3757 651 3811 eluitcllenie
664 3756 698 3808 de
715 3757 797 3813 l'ire.
817 3756 864 3827 qud
877 3753 965 3807 derait
981 3753 1141 3824 appartcuir
1154 3770 1189 3803 au
1204 3760 1295 3803 cointe

229 3848 260 3901 de
276 3850 405 3903 Clrester.
422 3848 513 3901 utum
529 3850 608 3919 apris
625 3857 697 3899 cette
715 3845 909 3905 rectilieation,
926 3843 944 3896 il
957 3863 973 3913 s·
996 3841 1058 3895 ade
1072 3843 1264 3913 l'esagcration
1280 3842 1294 3889 ἐι

229 3935 284 3989 din·
297 3958 352 4009 que
366 3938 390 3990 le
402 3936 533 3989 Cotentiu
548 3938 710 3990 eonstittiait
722 3936 747 3987 le
760 3936 828 3987 tiers
839 3934 874 3986 ‹lc
888 3933 911 3986 la
924 3934 1061 4004 prosince⁴

261 4030 296 4095 (af
312 4028 446 4081 Fciulum.
465 4028 515 4079 tts.
529 4027 562 4078 de
577 4027 599 4078 la
616 4028 690 4079 reiue
702 4025 737 4077 de
751 4024 849 4079 Stude.

260 4116 287 4181 [Tr
311 4119 478 4171 l.'initiation
493 4116 527 4168 de
541 4118 628 4169 lleuri
643 4121 656 4167 a
672 4116 694 4168 la
708 4116 862 4168 elreralerie
874 4125 920 4167 eut
937 4115 990 4167 lreu
1006 4114 1126 4184 'ululant
1141 4129 1194 4182 qne
1208 4110 1291 4162 liud-

231 4206 312 4259 bnme
322 4208 452 4260 re'leluait
464 4208 577 4259 lestines
587 4208 621 4260 de
632 4206 654 4259 la
665 4207 813 4259 l'ruterote
824 4227 837 4257 a
848 4206 875 4253 ll
887 4205 1036 4259 iuclirstrr.
1049 4223 1082 4255 eu
1098 4203 1172 4273 1⁰87.
1186 4200 1292 4271 d‘apw

231 4295 250 4345 la
262 4299 414 4371 chronique
428 4301 562 4352 Sasonne.
578 4302 589 4347 l
594 4302 617 4351 Ie
632 4300 726 4369 print-c·
740 4298 803 4349 ctsit
820 4295 890 4348 alors
904 4295 955 4363 sige
968 4295 1002 4347 de
1015 4295 1089 4361 sinet
1104 4310 1162 4344 aus.
