3046 5244
226 481 266 539 ss
500 475 683 536 ursroun
703 474 1006 537 nucunrssrrcs.
1101 475 1193 550 [aie.
1207 476 1284 554 ssu]

225 609 424 696 basilicam,
442 634 523 707 quse
538 605 652 680 adhuc
670 608 858 706 perdurat,
881 609 916 680 iu
935 607 1072 680 bonore
1088 606 1124 678 S.
1141 604 1285 679 Ebrulli

225 725 472 800 condiderunt.

276 840 440 914 «Deinde
454 841 577 913 silvam
592 841 738 940 ingressi
752 857 835 912 suut
849 856 1023 914 amatores
1036 840 1160 928 eremi,
1174 864 1284 938 quum

227 958 370 1031 Uticum
409 972 652 1054 protestantur
687 956 826 1030 iuoolae.
865 956 951 1049 Quae
985 957 1070 1029 silva
1110 954 1285 1028 densitate

226 1073 399 1147 arborum
435 1074 640 1161 horribilis,
678 1072 812 1145 crebris
849 1073 1030 1147 latronum
1062 1077 1284 1173 frequentata

225 1190 458 1279 discursibus,
478 1187 734 1263 habitationem
751 1190 942 1288 praestabat
960 1189 1172 1263 immanibus
1185 1189 1282 1263 seris.

227 1306 387 1405 Cumque
398 1303 582 1404 intrepidis
600 1305 776 1403 gressibus
789 1308 980 1378 vastissima
993 1306 1067 1379 loca
1084 1303 1286 1379 solitudinis

227 1438 477 1521 peragrarent,
500 1449 572 1495 non
594 1424 812 1496 invenientes
828 1422 889 1495 uhi
903 1424 1118 1498 couveniens
1130 1449 1201 1496 suae
1217 1421 1287 1496 do·

228 1540 364 1614 votioni
379 1539 574 1638 hospitium
590 1539 827 1627 collocarent,
846 1538 968 1614 beatus
981 1538 1168 1630 Ebrullus,
1184 1565 1287 1636 pure

228 1656 454 1728 conscientiae
471 1655 600 1753 spiritu
620 1654 860 1745 inardescens,
878 1657 994 1728 orarit
1010 1656 1054 1728 ad
1070 1656 1284 1743 Dominum,

226 1771 347 1845 diceus
364 1802 372 1842 ε
392 1773 546 1845 Domine
562 1774 650 1845 Jesu
669 1771 828 1863 Christe,
850 1779 911 1873 qui
927 1774 1067 1875 populo
1087 1788 1148 1845 tuo
1169 1772 1289 1845 Israel

226 1891 413 1987 gradienti
422 1916 492 1990 per
510 1889 690 1963 desertum
700 1949 712 1981 ,
733 1908 767 1966 te
784 1892 966 1964 ductorem
973 1892 1233 1990 fidelissimum
1248 1895 1288 1962 in

229 2009 400 2082 columna
426 2008 531 2080 uubis
554 2025 589 2079 et
614 2011 710 2107 iguis
736 2008 954 2096 exhibuisti,
979 2009 1136 2108 dignare
1155 2010 1286 2108 propi-

228 2133 298 2199 tius
320 2126 424 2201 nobis
445 2127 647 2199 uolentibus
667 2128 909 2229 AEgyptiacae
931 2129 1106 2201 servitutis
1126 2126 1288 2197 άωηηω

228 2247 359 2316 tionem
381 2244 558 2341 effugere,
586 2243 705 2316 locum
732 2243 905 2317 libertatis
927 2261 961 2316 et
985 2259 1116 2316 nostra·
1125 2240 1288 2341 fragili-

229 2365 298 2433 tati
314 2380 554 2462 opportunum
568 2363 756 2435 clementer
768 2362 972 2435 ostendere!
989 2361 1073 2434 Mox
1091 2384 1177 2431 vero
1191 2384 1288 2432 oom-

228 2478 320 2575 pleta
347 2481 529 2564 oratione,
554 2480 719 2575 apparuit
739 2476 832 2549 lideli
857 2479 935 2551 viro
954 2476 1098 2576 angelus
1121 2475 1285 2560 Domini,

228 2593 417 2666 adveniens
435 2593 531 2693 quod
549 2610 760 2691 poposcerat
781 2592 949 2666 iudicare.
969 2593 1084 2686 Quem
1102 2607 1289 2693 sequentes

228 2708 419 2807 praerium,
443 2724 686 2806 pervenerunt
711 2707 755 2780 ad
778 2711 891 2782 sontes
917 2708 1151 2782 habilissimos
1170 2709 1223 2803 (r)
1242 2704 1288 2780 ud

227 2824 444 2923 potandum
475 2826 536 2926 qui
564 2825 747 2923 paululum
775 2826 915 2899 dirivati
943 2829 997 2922 (a)
1025 2822 1289 2924 colligebantur

229 2944 264 3015 in
289 2970 458 3043 magnum
476 2959 654 3042 stagnum.
675 2942 743 3017 Ubi
763 2971 875 3043 genua
896 2944 1093 3029 llectentes,
1113 2956 1289 3015 monstra·

227 3063 296 3134 tori
315 3061 389 3133 Deo
406 3062 590 3134 immensas
609 3063 769 3136 referunt
782 3062 899 3134 laudes
908 3118 919 3151 ,
935 3065 995 3162 qui
1013 3087 1194 3161 nunquam
1209 3086 1288 3133 ser-

226 3203 288 3247 vos
299 3202 381 3248 suos
396 3180 534 3276 spernit
545 3195 725 3277 sperantes
741 3180 777 3252 in
793 3205 842 3250 se.
863 3177 1048 3251 Celebrate
1066 3193 1183 3249 autem
1198 3202 1287 3276 gra-

227 3295 358 3365 tiarum
401 3296 560 3382 actione,
595 3322 726 3369 nornen
767 3296 910 3369 Domini
957 3297 1177 3380 invocantes,
1218 3318 1287 3392 pro

224 3411 422 3507 quantitate
437 3409 674 3486 habitantium
690 3412 734 3485 de
754 3413 917 3512 virgultis
937 3428 973 3484 et
995 3409 1181 3484 lrondibus
1204 3435 1290 3484 snu-

224 3542 387 3600 struxere
415 3531 611 3627 tugurium.
642 3529 744 3622 Quod
765 3531 919 3604 claustro
951 3527 1099 3627 paruulo
1131 3525 1287 3626 ejusdem

225 3646 384 3717 materiae
427 3647 763 3746 circumcingentes,
805 3660 1013 3719 manserunt
1055 3643 1118 3723 ibi.
1152 3659 1287 3743 optstoe

261 3990 269 4049 l
277 3991 301 4055 s)
314 3986 353 4039 Ce
367 3997 424 4039 mot
438 3985 569 4048 berham.
586 3989 634 4060 qui
650 4005 677 4039 ιι·
691 3999 786 4042 troure
800 3991 870 4042 aussi
884 3987 952 4042 daus
964 3988 988 4043 la
1007 3986 1122 4059 legende
1134 3984 1284 4056 originale,

228 4075 287 4128 doit
298 4076 357 4129 itre
371 4077 426 4148 pris
438 4074 506 4130 daus
520 4075 544 4129 le
556 4094 617 4130 seus
626 4075 777 4130 d's'doueus.

264 4166 301 4231 {a}
315 4166 353 4216 (b
371 4177 439 4228 mot,
452 4168 500 4239 qui
516 4168 623 4237 siguisse
636 4170 756 4238 separer,
771 4167 927 4226 distribues.
945 4178 1008 4221 saut
1021 4169 1112 4221 micus
1123 4167 1157 4220 sci
1169 4183 1224 4237 que
1236 4162 1285 4216 ds·

228 4266 307 4307 ris-au
321 4255 473 4326 (denies),
489 4260 573 4331 qu‘ou
588 4270 683 4313 trous-e
695 4258 762 4314 daus
775 4259 798 4312 la
812 4257 927 4333 legende
939 4257 1082 4330 originale.
