3046 5244
228 488 315 565 [mc.
333 485 426 564 soso]
608 482 725 546 nunu
744 484 903 548 snxrus.
1230 492 1287 553 na

227 616 332 708 vidit,
353 644 425 719 qua
446 615 591 690 edoctus
611 615 837 691 Harduiuum
855 635 1092 720 aegrotantem
1112 623 1286 712 visitavit,

226 752 260 809 et
276 763 419 810 sacrum
436 733 480 807 ad
497 736 686 834 pristinam
702 734 822 810 sedem
843 735 963 810 rerebi
984 764 1108 811 saxum
1126 767 1292 816 commo-

226 854 326 942 nuit,
351 853 513 954 alioquin
541 853 643 926 ilium
671 852 926 927 inevitabiliter
949 856 1170 930 moriturum
1194 885 1294 957 prae-

225 970 325 1044 dixit.
335 969 440 1064 Quod
449 969 594 1043 audiens
603 972 1057 1070 aeger,samitiamactutum
1067 977 1291 1063 convocavit,

227 1087 437 1188 quadrigam
456 1113 538 1161 cum
561 1085 678 1161 bobus
702 1090 860 1188 coaptari
885 1091 1074 1189 praecepit,
1100 1118 1295 1192 saxumque

227 1203 268 1279 ad
288 1222 447 1278 sanctam
464 1205 625 1305 Virginis
642 1206 769 1278 Matris
788 1205 901 1279 aedem
925 1205 1046 1280 reduci
1072 1206 1206 1281 obnixe
1229 1234 1296 1282 ro-

227 1324 336 1423 garit.
360 1324 453 1396 Saxo
477 1324 595 1423 itaque
623 1325 658 1397 in
680 1351 791 1397 curru
818 1325 933 1397 levato
959 1326 1031 1424 ipse
1055 1328 1298 1425 superpositus

227 1457 295 1530 cst,
310 1457 348 1513 et
361 1439 479 1540 lapide
491 1439 536 1514 de
548 1467 645 1514 sacra
658 1441 787 1534 domo,
802 1466 910 1541 quem
928 1459 1116 1541 rapuerat,
1135 1442 1295 1532 reddito,

229 1571 366 1628 rentum
383 1559 560 1629 consessus
573 1572 643 1645 est,
664 1573 701 1629 et
716 1559 976 1656 omnipotentis
989 1556 1126 1632 Adonai
1145 1558 1300 1633 clemen·

229 1670 314 1742 tiam
331 1671 512 1760 exoravit,
532 1688 568 1744 et
585 1698 670 1744 mox
689 1688 830 1745 sanatus
847 1688 913 1744 est.

274 1787 391 1859 Multa
407 1785 552 1886 quidem
568 1804 604 1860 et
620 1787 687 1859 alia
705 1789 804 1886 signa
823 1783 956 1859 ibidem
974 1804 1177 1886 perpetrata
1195 1805 1297 1877 sunt;

231 1932 308 2007 quae
334 1904 583 1979 deficientibus
606 1907 796 2006 terrigenis
818 1907 913 1978 iltius
932 1908 1104 2005 temporis
1121 1905 1299 1981 oblivioni

233 2023 359 2097 tradita
385 2040 490 2112 sunt;
515 2025 597 2125 quia
628 2050 697 2123 pro
725 2024 876 2123 penuria
902 2024 1141 2122 scriptorum,
1171 2022 1302 2125 quibus

236 2157 316 2215 tunc
332 2141 497 2213 Neustria
515 2142 670 2214 maxime
687 2139 852 2229 carebat,
871 2141 1003 2238 scripta
1024 2166 1098 2213 non
1116 2157 1213 2213 sunt.

277 2262 441 2361 Denique
451 2275 654 2333 constructa
671 2261 706 2332 in
721 2275 844 2331 monte
857 2260 988 2331 silvoso
1002 2258 1145 2331 basilica
1162 2260 1177 2356 (
1186 2261 1231 2358 r),
1249 2275 1303 2332 to·

238 2377 300 2449 tius
319 2377 518 2476 provinciae
536 2376 691 2475 populus
711 2377 850 2448 laetatus
868 2390 938 2462 est,
962 2390 999 2446 et
1019 2400 1103 2446 cura
1125 2376 1199 2473 ejus
1219 2400 1303 2447 cum

238 2492 617 2596 tegimineparrocbioe
632 2493 836 2566 Beiracensi
851 2491 1023 2564 Restoido
1037 2493 1222 2564 commissa
1234 2508 1302 2584 est,

238 2626 302 2684 tam
321 2640 342 2685 a
358 2613 541 2685 Guarsone
557 2629 594 2684 et
609 2609 763 2685 Radulso
779 2635 886 2711 quam
909 2608 954 2682 ab
972 2609 1141 2709 episcopo
1163 2607 1303 2684 Ebroi·

236 2731 323 2801 oensi
343 2729 381 2802 in
399 2731 499 2829 cujus
516 2728 704 2802 territorio
721 2729 785 2800 sita
806 2744 871 2800 est.

277 2847 330 2918 Ea
343 2863 553 2945 tempestate
565 2846 794 2932 Guillelmus,
808 2847 933 2920 Geroii
944 2845 1116 2943 filius(2),
1129 2843 1301 2918 domina-

237 2980 305 3037 tum
317 2965 483 3039 Escalsou
493 2965 662 3065 possedit,
675 2982 711 3037 et
722 2967 758 3037 in
768 2966 1001 3038 silvasontem
1011 2964 1130 3036 Sancti
1141 2961 1300 3050 Ebrulfi,

234 3099 265 3153 et
280 3108 389 3181 super
405 3083 562 3154 rivulum
577 3083 791 3156 Carentonae
807 3099 965 3154 ueterem
981 3081 1164 3154 ecclesiam
1181 3081 1218 3153 S.
1238 3081 1302 3152 Pe-

235 3201 276 3270 tri
293 3200 445 3299 apostoli
465 3226 537 3273 csse
555 3199 704 3273 audivit.
721 3200 788 3294 Qui
803 3200 1008 3274 curiositate
1021 3198 1166 3294 ductus,
1181 3197 1301 3271 omnia

234 3318 483 3412 perlustravit,
518 3318 636 3391 iocum
664 3318 727 3389 Dei
759 3316 959 3389 cultoribus
990 3315 1159 3389 idoneum
1188 3313 1301 3402 vidit,

234 3451 437 3507 reverenter
455 3433 628 3520 laudavit,
649 3432 770 3532 ibique
785 3430 993 3505 Restoldum
1008 3447 1045 3502 et
1058 3433 1302 3531 lngeraunum

232 3549 342 3622 eidem
363 3550 444 3622 ioco
464 3548 688 3648 presbyteros
706 3548 902 3648 delegarit,
924 3549 1044 3648 eisque
1067 3548 1203 3619 victum
1224 3548 1302 3618 sus-

232 3665 408 3739 ficientem
433 3666 477 3738 de
500 3665 699 3739 redditibus
720 3666 885 3740 Escaisou
908 3664 1102 3739 ordinavit.
1131 3667 1301 3738 Processu

263 3893 303 3949 1¹)
318 3884 340 3937 ll
357 3895 398 3938 est
416 3885 479 3937 bien
497 3883 593 3937 risible
609 3902 676 3956 qne,
696 3883 764 3937 dans
782 3902 813 3939 ce
828 3902 953 3957 passage,
970 3882 990 3936 it
1004 3883 1084 3955 s'agit
1100 3882 1134 3935 de
1149 3880 1252 3954 l'egiise
1264 3879 1299 3935 de

231 3973 566 4033 botre-Dame-duboim
583 3975 651 4027 rnais
665 3984 745 4027 notre
758 3985 857 4028 auteur
869 3972 971 4028 semble
983 3971 1093 4027 oublier
1106 3990 1137 4025 ce
1149 3969 1216 4044 qn'il
1231 3988 1299 4024 nous

228 4065 315 4135 pmit
327 4064 403 4118 aruir
416 4062 458 4117 dit
470 4061 620 4127 ci-dessus,
637 4083 663 4136 p.
680 4061 730 4136 69,
745 4062 780 4117 de
792 4082 840 4118 sou
852 4062 968 4117 identite'
978 4081 1042 4118 arec
1055 4061 1122 4115 celle
1134 4058 1170 4114 de
1183 4058 1208 4113 ia
1223 4059 1298 4113 reine

229 4152 367 4207 faileube.

259 4245 299 4313 (a)
311 4244 367 4297 Sur
380 4241 541 4298 Guiltsume
554 4245 666 4313 Gir-oie,
682 4264 763 4318 royca
777 4244 925 4312 cidessus,
942 4254 961 4297 t,
977 4243 1019 4308 11,
1035 4262 1061 4315 p.
1079 4238 1119 4294 15.

301 4361 358 4408 ιιι.
1127 4335 1148 4402 8
