3016 5242
218 468 280 531 soa
495 464 1007 529 u1smansccmsnsnca.
1087 464 1188 544 [mm
1201 464 1284 543 rosa]

219 599 1285 703 machinanequitaddeclivaconduci,neccontramontuosa

219 716 413 818 dirigi5scd
422 743 563 819 semper
572 746 714 822 aequam
724 733 905 818 exspectat
914 716 1176 818 planitiem‚ut
1186 716 1287 814 possit

220 833 386 907 conduci.
406 840 593 910 Praecones
609 838 728 938 itaque
748 860 815 936 per
831 835 1028 908 exercitum
1043 833 1286 906 clamaverunt

220 967 260 1024 ut
270 953 488 1054 quicumque
501 954 538 1027 in
547 955 687 1028 foveam
700 954 799 1026 illam
810 969 881 1026 tres
890 949 1022 1051 lapides
1031 951 1187 1050 jaceret,
1193 948 1288 1050 jactis

219 1069 417 1169 lapidibus,
449 1098 563 1145 unum
590 1073 780 1146 denarium
809 1069 968 1144 haberet.
996 1067 1136 1142 Omnes
1164 1067 1286 1168 igitur,

218 1186 348 1286 quibus
367 1214 481 1262 morae
496 1187 653 1263 taediosae
664 1191 831 1279 suerunt,
852 1189 1013 1286 incoepto
1029 1186 1139 1285 operi
1153 1183 1288 1259 sortiter

221 1302 463 1376 inhiaverunt.

268 1421 459 1494 Pontifices
481 1438 517 1495 et
537 1422 736 1521 presbyteri
757 1422 948 1522 populares
964 1418 1119 1494 allocuti
1137 1434 1240 1507 sunt,
1257 1433 1289 1490 et

218 1537 263 1610 (le
289 1555 407 1612 morte
433 1538 587 1628 Christi,
616 1538 722 1614 etde
750 1540 832 1614 loco
856 1538 1028 1639 passionis
1055 1538 1157 1639 ejus,
1188 1560 1289 1636 quen

218 1654 334 1756 digito
366 1683 488 1729 coram
520 1656 839 1750 demonstrabant,
874 1679 1081 1730 sermonem
1114 1655 1290 1753 optimam

218 1776 400 1864 lecerunt,
421 1789 458 1846 et
477 1773 522 1847 de
539 1775 678 1849 coelesti
691 1774 908 1861 Jerusalem,
927 1774 1026 1873 cujus
1041 1772 1205 1872 liguram
1222 1786 1290 1843 ter·

210 1890 341 1972 ,restris
368 1890 574 1990 portendit,
606 1907 727 1964 sancte
756 1906 793 1964 et
820 1892 1034 1990 eloquenter
1062 1886 1168 1961 all'ati
1199 1901 1290 1959 sunt.

121 1990 124 1999 ¹
218 2006 350 2079 Omnes
376 2032 465 2107 crgo
483 2006 584 2098 laici,
606 2010 714 2081 armis
734 2009 903 2100 accincti,
923 2006 1153 2080 unanimiter
1170 2003 1292 2078 urhun

219 2121 461 2219 impetebant,
486 2141 522 2196 et
545 2141 671 2224 quarta
700 2127 898 2225 quintaque
924 2123 1010 2196 leria
1039 2138 1155 2196 nocte
1180 2137 1219 2196 et
1241 2118 1293 2193 die

217 2239 352 2311 civitati
381 2239 605 2313 insistebant.
629 2239 766 2314 Deinde
789 2239 982 2340 praemissis
1005 2236 1243 2313 orationibus
1262 2251 1295 2309 et

212 2357 374 2456 jejuniis,
393 2357 609 2456 singultibus
625 2372 662 2430 et
678 2357 930 2455 eleemosynis,
948 2354 1039 2428 sacri
1057 2354 1189 2428 viatici
1204 2379 1293 2427 oom-

217 2472 391 2546 munione
407 2475 559 2563 muniti,
577 2489 673 2547 sexta
691 2473 778 2546 seria
787 2528 799 2566 ,
818 2472 895 2546 idus
912 2471 995 2572 julii
1016 2472 1096 2569 (1),
1112 2471 1294 2544 civitatem

218 2615 358 2662 summo
384 2588 545 2665 diluculo
572 2592 727 2691 aggressi
755 2607 860 2682 sunt,
888 2614 954 2662 nec
980 2604 1072 2661 tune
1096 2587 1293 2688 praevalere

217 2723 429 2805 potuerunt.
459 2710 529 2802 Qui
557 2711 720 2782 enimin
747 2706 927 2797 turribus,
955 2704 1014 2779 vel
1043 2705 1083 2777 in
1112 2702 1294 2779 moenibus

218 2843 340 2916 erant,
355 2827 422 2900 sibi
437 2830 593 2902 invicem
609 2827 895 2926 opitulabantur,
912 2842 949 2899 et
968 2826 1094 2924 iguem
1111 2839 1155 2898 et
1169 2821 1294 2922 lapides

219 2943 393 3016 continuo
421 2944 685 3043 jaculabantur.
721 2945 944 3033 Tolosanus,
977 2941 1082 3016 fovea
1118 2940 1294 3041 completa

220 3056 362 3154 (tribus
389 3060 487 3130 enim
512 3058 637 3131 diebus
666 3076 702 3132 et
719 3059 887 3132 noctibus
909 3058 1292 3155 consummaverant),

218 3190 374 3247 castrum
398 3175 572 3249 conduxit
592 3176 636 3249 ad
659 3203 826 3268 murum,
847 3178 989 3277 suisque
1004 3200 1133 3249 moras
1148 3200 1293 3249 succcu-

218 3290 316 3364 sebat
340 3317 453 3393 usque
479 3293 525 3367 ad
545 3294 736 3367 secundam
754 3295 898 3383 leriam,
917 3318 988 3392 pro
1012 3292 1137 3368 nimio
1153 3291 1291 3377 labore,

217 3434 325 3509 quem
342 3436 409 3509 per
427 3427 539 3484 totam
555 3413 782 3510 pertulerant
798 3394 1074 3485 hebdomadam.

265 3528 352 3601 Post
383 3529 601 3600 matutinum
633 3528 817 3618 laborem,
847 3527 937 3600 duce
958 3524 1139 3626 jubente,
1171 3522 1291 3600 Franci

216 3645 404 3744 paululum
420 3645 637 3745 quieverunt
657 3672 677 3717 a
698 3645 967 3745 congressione,
987 3658 1025 3717 et
1042 3644 1180 3743 pagani
1197 3670 1217 3715 a
1235 3640 1293 3714 de·

216 3760 391 3834 sensione.
406 3761 673 3835 Guinimundus
689 3778 809 3835 autem
827 3759 1049 3833 Admiralius
1066 3761 1150 3861 (a),
1169 3776 1207 3835 et
1221 3758 1292 3832 Fri·

217 3877 381 3977 golendis
403 3879 544 3966 Perses,
564 3904 675 3978 nepos
700 3881 792 3979 ejus,
818 3877 855 3951 in
878 3902 959 3950 arce
971 3874 1091 3950 David
1113 3893 1241 3968 erant,
1261 3889 1293 3949 et

217 3996 445 4094 magistratus
462 3994 562 4068 urbis
579 4012 686 4096 atque
704 3995 883 4094 primores
902 3993 990 4067 illuc
1006 3990 1054 4066 ad
1070 3994 1293 4097 colloquium

251 4204 261 4270 l
267 4205 290 4269 ¹)
306 4202 343 4256 Le
355 4202 488 4258 vendrcdi
503 4202 534 4259 15
542 4203 646 4275 juillet.
662 4203 685 4258 ll
696 4223 715 4275 y
727 4203 800 4258 avait
812 4201 874 4275 ‹tejt
886 4220 922 4257 cu
934 4219 974 4257 un
985 4212 1082 4258 amnt
1090 4220 1159 4261 sans
1169 4198 1292 4261 snochla

216 4290 306 4346 seille.

253 4384 294 4451 (a)
316 4383 555 4441 litibus-Eddaulc
573 4386 584 4457 (
590 4385 616 4440 la
635 4384 722 4460 gloiic
742 4382 777 4439 de
796 4383 952 4458 l'cmpircl.
975 4380 1139 4439 licutcuant
1159 4382 1199 4439 du
1221 4378 1294 4439 ubit
