3046 5244
172 404 377 481 [soar-ross]
538 403 652 464 stuta
673 404 860 469 otuavus.
1172 412 1233 473 ess

172 531 256 605 tidie
268 531 520 621 imminuebat,
539 535 747 633 insipienter
760 536 921 611 tribuens
933 539 1234 639 uuicuiquequod

171 647 330 746 petebat,
354 665 388 720 et
413 650 485 747 ipse
503 650 795 748 pauperescebat,
819 651 914 727 unde
936 654 1024 726 alios
1047 670 1172 729 contra
1196 681 1234 729 se

171 764 378 839 roborabat.
398 765 593 841 Guillelmo
609 765 654 840 de
670 769 823 847 Britolio
840 768 938 843 dedit
953 772 1151 861 ibericum,
1170 770 1232 846 ubi

170 911 251 973 arx,
274 911 381 983 quam
401 883 577 957 Albereda
597 887 742 985 proavia
758 891 832 985 ejus
848 887 932 962 lecit
948 890 1023 985 (ι),
1041 889 1232 965 fortissima

170 1018 233 1073 est.
252 1001 301 1071 Et
320 1001 478 1100 Rogerio
493 1001 538 1073 de
557 1003 802 1091 Bellomonte,
824 1005 884 1104 qui
901 1003 1038 1078 solebat
1053 1003 1233 1080 ibericum

168 1124 262 1215 jussu
284 1118 466 1192 Guillelmi
493 1120 586 1217 regis
609 1118 805 1208 custodire,
833 1122 1006 1197 concessit
1026 1122 1231 1210 Brioniam3

170 1233 264 1334 quod
279 1235 452 1333 oppidum
466 1236 764 1324 munitissimum,
780 1254 816 1310 et
832 1239 867 1310 in
882 1238 991 1313 corde
1005 1256 1112 1313 tcrrae
1125 1240 1233 1313 situm

171 1370 234 1423 est.

217 1461 316 1554 Odo,
342 1469 539 1568 Bajocensis
563 1472 770 1570 episcopus,
799 1487 988 1572 postquam
1016 1470 1060 1543 de
1090 1495 1234 1545 carcere

171 1585 261 1657 liber
288 1611 446 1683 egressus
474 1603 545 1674 est,
576 1604 692 1660 totum
724 1589 759 1658 iu
788 1586 1009 1662 Normaunia
1042 1588 1234 1685 pristinum

171 1703 345 1778 bonorem
370 1703 516 1802 adeptus
542 1722 611 1792 est,
629 1722 665 1778 et
682 1706 905 1778 consiliarius
926 1705 1044 1793 ducis,
1070 1703 1235 1779 videlicet

171 1822 310 1919 nepotis
328 1823 401 1908 sui,
416 1824 528 1895 lactus
541 1840 605 1895 est.
621 1824 711 1895 Erat
725 1824 824 1898 enim
841 1824 1011 1924 eloquens
1029 1839 1065 1895 et
1083 1848 1235 1921 magna-

171 1941 307 2026 nimus,
323 1939 464 2037 dapsilis
485 1958 521 2013 et
539 1940 735 2014 secuudum
749 1942 918 2015 saeculum
936 1938 1038 2014 valde
1054 1956 1231 2016 strenuus.

171 2053 364 2152 Religiosos
375 2054 538 2127 homines
548 2054 741 2156 diligenter
753 2054 969 2144 honorabat,
984 2056 1121 2128 clerum
1132 2079 1234 2127 suum

169 2173 299 2243 acriter
321 2198 403 2244 ense
426 2190 462 2245 et
486 2173 598 2245 verbo
617 2172 847 2260 defendebat,
871 2171 1127 2270 ecclesiamque
1149 2195 1235 2269 pre·

171 2286 266 2358 tiosis
285 2290 508 2361 ornamentis
531 2289 674 2386 copiose
696 2312 761 2386 per
781 2288 901 2360 omnia
924 2284 1129 2359 decorabat.
1156 2285 1234 2357 lloc

170 2419 380 2476 attestantur
408 2403 555 2477 aedilicia
581 2431 663 2505 quae
694 2405 916 2490 construxit,
946 2420 981 2475 et
1011 2402 1161 2501 insignia
1190 2425 1234 2473 ex

170 2547 256 2593 auro
275 2537 311 2592 et
329 2539 482 2620 argento
502 2548 581 2594 vasa
602 2539 637 2595 et
658 2519 885 2608 indumenta,
905 2518 1036 2619 quibus
1052 2516 1234 2591 basilicam

170 2637 221 2708 sel
239 2637 375 2710 clerum
396 2639 555 2711 ornavit.
580 2639 621 2710 lu
642 2636 897 2724 adolescentia,
916 2660 985 2734 pro
1000 2634 1235 2735 germanitate

168 2749 283 2839 ducis,
303 2752 403 2824 datus
420 2770 472 2826 est
490 2754 521 2826 ei
539 2754 739 2854 Bajoccnsis
756 2752 984 2853 praesulatus,
1008 2752 1043 2823 iu
1064 2774 1138 2850 quo
1155 2749 1235 2847 plus

167 2895 271 2966 quam
286 2871 545 2969 quinquaginta
563 2874 666 2944 aunis
683 2873 738 2968 (a)
752 2870 908 2969 pollens,
928 2868 1066 2941 diversa
1081 2882 1235 2963 estope-

168 3002 274 3057 ratus.
302 2988 343 3059 lu
363 2986 576 3086 quibusdam
597 2989 744 3086 spiritns
764 2988 796 3059 ei
819 2984 1046 3058 laudabiliter
1064 2982 1234 3056 domina-

168 3101 292 3189 batur,
323 3104 359 3175 in
389 3105 575 3176 nonnullis
598 3130 686 3178 vero
710 3104 850 3202 spiritui
874 3129 957 3175 caro
982 3098 1234 3174 miserabiliter

168 3220 449 3317 principabatur.
467 3222 610 3294 Carnali
627 3246 715 3321 ergo
732 3220 861 3295 ardore
875 3220 1090 3304 stimulatus,
1110 3214 1236 3316 genuit

201 3472 210 3537 ζ
216 3472 239 3540 r)
257 3469 410 3537 Albercde,
431 3471 531 3525 lemme
548 3470 584 3525 de
603 3467 708 3535 Raonl,
726 3466 914 3521 comted'lvri
931 3463 1009 3519 etde
1023 3464 1144 3534 Bayeux,
1162 3462 1235 3517 trare

170 3559 259 3612 uterin
272 3558 307 3613 de
321 3558 500 3614 lliclrard1”.
515 3560 592 3615 Nous
603 3575 717 3613 serrone
729 3556 957 3629 prochainement
970 3550 1008 3606 les
1021 3552 1164 3606 usuvenire
1174 3566 1237 3603 san-

170 3646 256 3715 glants
276 3650 325 3721 qui
343 3650 447 3704 etaient
470 3651 556 3704 restes
578 3647 702 3702 attache's
722 3648 737 3699 ai
757 3644 783 3698 la
802 3643 992 3701 ,construction
1013 3640 1048 3695 de
1068 3658 1099 3693 ce
1119 3639 1235 3695 chilceu

169 3736 262 3791 d'lrri.

203 3826 243 3895 (a)
262 3826 348 3880 norm
367 3837 465 3880 auteur
482 3827 552 3882 n’est
571 3845 617 3899 pas
637 3824 699 3897 plus
715 3825 840 3879 heureux
858 3824 893 3876 ici
912 3823 975 3896 qu'ai
992 3819 1151 3876 l’crdinaire
1167 3816 1236 3871 dans

171 3932 210 3963 w<
224 3917 418 3987 supputatione
438 3916 683 3989 chronologiqucs.
706 3913 772 3970 0110
791 3914 922 3985 n'occupa
939 3910 964 3965 le
981 3912 1055 3982 siege
1074 3909 1109 3963 dr
1126 3907 1234 3976 Bayeux

171 4005 295 4076 qu'aprls
311 4005 335 4058 la
351 4017 424 4059 mort
440 4006 474 4059 dc
492 4025 540 4060 son
559 4006 764 4079 predicemus,
781 4005 886 4058 atricae
904 4000 1025 4074 pendant
1042 3996 1108 4070 qu'il
1123 3992 1237 4063 siegealt

172 4114 203 4145 au
216 4094 321 4147 concile
334 4095 368 4147 ‹lc
382 4095 474 4149 lleinis
488 4100 497 4155 (
504 4097 615 4151 istudne
633 4101 722 4169 ¹⁰l9l·
741 4094 896 4149 lui-nuinu·
909 4099 1021 4145 moerin
1036 4108 1049 4138 a
1065 4084 1188 4137 l‘alurnu·
1200 4098 1237 4133 cn

173 4188 269 4236 lustret·
288 4202 353 4255 ¹⁰97
