3046 5244
229 468 270 526 so
505 467 687 527 insectus
710 466 1014 528 secessurum.
1183 472 1290 548 [torui

230 601 418 699 preceptis
433 600 518 685 Dei,
534 598 620 671 dum
639 600 777 671 visitet
793 615 928 698 potest,
943 596 1096 670 fideliter
1107 596 1293 699 obtempe-

229 745 330 805 rare,
346 734 386 792 ut
400 718 614 815 contemptis
629 715 795 789 labilibus
813 742 878 815 per
895 716 959 787 Dei
982 717 1134 815 gratiam
1156 734 1292 791 aeterna

227 837 336 936 possit
351 838 554 934 impetrare.
575 833 660 905 ttaec
676 832 869 932 diligenter
884 830 1129 917 considerans,
1144 832 1292 934 quidam

225 980 417 1055 generosus
431 956 467 1026 in
482 952 704 1027 Not-mannia
723 953 823 1025 miles
836 952 985 1025 nomine
1000 949 1215 1038 Gnlbertus,
1235 952 1294 1024 tti-

226 1070 321 1144 canli
336 1070 380 1144 de
403 1071 603 1170 Huglevilla
621 1071 676 1166 (ι)
697 1070 806 1157 lilius,
828 1070 998 1143 instinctu
1016 1069 1186 1142 Beatricis
1200 1096 1292 1143 con·

226 1191 316 1289 iugis
333 1215 405 1261 stim
421 1186 581 1260 decrerit
603 1188 638 1257 in
659 1188 878 1284 patrimonio
902 1211 966 1259 suo
992 1184 1087 1284 apud
1112 1186 1291 1285 Allagium

226 1305 421 1379 monachos
441 1305 680 1389 constituere,
704 1329 861 1403 quorum
891 1302 1059 1403 precibus
1082 1305 1293 1405 meritisque

221 1427 408 1523 juvaretur
427 1425 462 1495 in
479 1438 642 1495 extremo
662 1423 837 1495 examine.
865 1423 913 1493 Et
935 1422 1017 1521 quia
1034 1422 1158 1521 Drogo
1181 1448 1293 1521 nepos

225 1568 308 1614 suus
316 1541 523 1614 secularem
532 1540 697 1612 militiam
708 1565 823 1638 nuper
834 1540 1047 1639 reliquerat,
1060 1555 1096 1610 et
1105 1539 1198 1637 apud
1209 1541 1293 1613 Uti-

226 1687 307 1733 cum
323 1661 359 1732 in
386 1659 557 1732 coenobio
575 1659 685 1731 sancti
712 1656 852 1730 Ebrulli
871 1658 1080 1732 confessoris
1102 1657 1292 1730 monacha·

227 1795 303 1850 tum
327 1790 580 1877 assumpserat,
597 1776 811 1848 blainerium
829 1775 993 1848 abbatem
1013 1790 1050 1846 et
1063 1774 1294 1848 Ebrnlstanos
1313 1855 1323 1872 .

225 1895 419 1968 monachos
459 1894 690 1966 veliementer
729 1893 925 1979 adamavit,
950 1893 1071 1993 eisque
1108 1894 1291 1966 ecclesiam

224 2013 261 2084 S.
282 2014 408 2085 Maria·
421 2011 466 2084 de
486 2011 625 2111 Alsagio
644 2013 698 2107 (a)
715 2037 798 2083 cum
820 2009 988 2082 omnibus
1005 2008 1209 2109 prebendis
1222 2013 1294 2083 suis

223 2130 345 2204 dedit:
363 2132 423 2204 tali
453 2147 556 2230 pacto
586 2148 625 2202 ut
646 2155 705 2201 sex
724 2128 889 2202 monachi
915 2154 985 2227 pro
1003 2152 1062 2199 sex
1087 2129 1289 2209 canonicis,

224 2249 286 2349 qui
301 2264 387 2321 tune
406 2246 538 2320 ibidem
551 2246 821 2334 deserviebant,
843 2247 1169 2333 coristituerentur3
1188 2261 1226 2316 et
1239 2272 1294 2317 ca·

227 2366 366 2439 nonieis
383 2364 547 2465 quolibet
565 2363 694 2451 modo,
714 2364 770 2435 vel
788 2361 1042 2435 emendatioris
1058 2363 1142 2434 vitae
1157 2363 1221 2460 pio
1236 2388 1294 2434 eo-

225 2498 335 2567 natu,
371 2481 546 2554 mundum
579 2480 886 2580 relinquentibus,
919 2479 1130 2578 prebendae
1164 2504 1291 2552 comm

226 2598 531 2670 nanciscerentur.
563 2595 669 2669 Dedit
696 2599 803 2670 etiam
825 2599 992 2696 prelatus
1017 2599 1131 2670 llems
1160 2595 1292 2670 eisdem

224 2713 409 2788 monacbis
431 2730 541 2786 totam
562 2715 683 2786 villam
708 2714 752 2787 de
769 2716 883 2788 Pareo
899 2717 977 2813 (3),
997 2741 1078 2788 cum
1096 2715 1240 2788 ecclesia
1257 2732 1292 2786 et

227 2847 299 2905 tota
311 2830 446 2904 decima
459 2831 613 2931 ejusdem
627 2833 738 2922 villae,
753 2836 797 2905 ita
813 2833 982 2923 liberam,
995 2833 1084 2906 etab
1095 2835 1194 2907 omni
1209 2858 1292 2905 mo-

227 2950 310 3023 lesta
335 2949 592 3023 consuetudine
608 2949 825 3038 absolutam,
844 2953 937 3024 sicut
955 2953 1028 3051 ipse
1048 2950 1218 3024 haetenus
1237 2966 1294 3021 te-

227 3085 354 3141 nuerat
375 3092 467 3140 eam.
496 3069 669 3141 Homines
689 3068 734 3141 de
762 3070 874 3143 Parco
902 3072 1054 3142 omnino
1076 3066 1229 3142 absolvit
1253 3083 1294 3139 nt

226 3183 363 3257 nullam
375 3181 441 3255 sibi
457 3185 656 3256 coactitiam
677 3183 869 3257 exhibeant
887 3187 1114 3272 servitutem,
1132 3199 1292 3257 necant

228 3303 292 3374 nisi
309 3303 344 3375 in
359 3301 560 3403 generalem
578 3302 750 3403 principis
763 3304 997 3377 Nomunnioe
1009 3301 1288 3402 expeditionem.

229 3422 268 3493 ln
283 3420 492 3495 molendino
501 3420 545 3493 de
559 3420 698 3520 Alsagio
712 3420 811 3494 dedit
824 3449 892 3520 pro
904 3421 1040 3493 decima
1053 3419 1142 3493 dnos
1155 3417 1294 3494 modios

228 3540 336 3612 tritici
355 3540 503 3639 singulis
520 3542 642 3629 annis,
665 3556 701 3611 et
722 3542 758 3612 in
782 3541 854 3613 alio
871 3537 1080 3612 molendino
1098 3562 1205 3636 snper
1226 3536 1294 3607 Se·

227 3655 309 3728 dam
328 3660 383 3753 (l)
398 3655 586 3729 dimidium
605 3654 763 3729 modium
782 3654 969 3756 cujuslibet
980 3655 1119 3756 segetis.
1140 3651 1295 3729 Cottoes·

228 3777 275 3847 sit
288 3775 395 3848 etiam
410 3792 449 3847 ut
463 3773 629 3849 monachi
646 3773 690 3846 de
708 3773 814 3875 lignis
834 3775 932 3848 silrae
947 3800 1039 3862 siue,
1057 3798 1138 3873 que
1157 3769 1295 3843 llaml·

583 3922 749 3933 -οσιυ-οα-ν-

264 3996 273 4059 ζ
280 3996 304 4060 ι)
315 3990 622 4063 lleuglerille-snr-Sie.

265 4091 304 4148 ta)
319 4081 433 4153 llegltse
445 4080 570 4141 d'tutn.
583 4079 707 4135 dedices
721 4080 745 4133 la
759 4090 846 4133 utute
863 4080 974 4151 l'iergr.

263 4170 302 4241 (3)
317 4170 649 4226 totiensne-dolore.

269 4268 303 4328 l·
318 4264 353 4317 la
367 4264 420 4319 Ste.
