3046 5244
232 448 338 521 [tutin
605 438 721 499 ttttEtt
743 438 931 501 OCTAVUS.
1240 444 1296 506 stt

233 574 347 673 lgitur
360 571 564 645 Radbertus
579 570 651 643 dux
668 571 703 642 in
719 568 941 644 hebdomada
960 572 1185 647 Pentecostes
1201 574 1302 649 Brio-

232 690 329 761 niam
339 686 492 775 obsedit,
502 714 611 787 quam
624 685 842 776 Rodbertus,
859 687 1022 763 balduini
1034 690 1141 782 lilius,
1151 719 1234 766 cum
1242 718 1302 767 sex

232 820 373 877 tantum
391 803 567 877 militibus
583 807 639 901 (1)
656 821 782 878 contra
800 805 993 908 phalanges
1008 826 1162 882 armatas
1177 810 1303 885 delen-

230 921 316 995 dere
332 922 470 1019 sategit.
488 921 668 994 Caeterum
687 922 933 995 belmonticus
947 922 1053 997 heros
1066 941 1102 997 et
1117 925 1303 998 Mellenti-

231 1068 293 1114 cus
315 1066 433 1113 comes
455 1042 618 1138 ingentes
639 1038 859 1113 bellatorum
882 1058 1018 1113 turmas
1037 1041 1301 1131 adunaverant,

231 1175 267 1231 et
286 1159 468 1256 praelatam
486 1157 745 1244 munitionem,
767 1183 811 1229 ue
824 1159 1007 1231 sociorum
1024 1159 1252 1233 adminiculis
1268 1176 1305 1232 et

230 1277 410 1348 alimentis
431 1278 692 1374 perfrueretur,
714 1273 835 1350 subito
855 1275 1062 1366 cinxerant,
1089 1294 1125 1349 et
1147 1277 1305 1350 viriliter

231 1396 415 1481 instantes,
430 1392 605 1490 oppidum
613 1407 694 1489 post
703 1417 836 1465 nonam
846 1394 1021 1467 acerrime
1031 1392 1302 1494 impugnabant.

228 1512 331 1583 Tunc
348 1512 448 1583 calor
468 1513 593 1610 ingens
612 1511 816 1609 incipientis
834 1512 986 1599 testatis,
1009 1528 1047 1584 et
1064 1514 1218 1585 maxima
1235 1514 1304 1585 sic·

228 1629 314 1700 citas
342 1645 468 1715 erant3
501 1655 583 1728 quae
610 1628 808 1701 lorinsecus
836 1645 1082 1728 expugnantes
1109 1628 1304 1702 admodum

223 1745 411 1845 juvabant.
437 1743 564 1817 Callidi
589 1746 686 1817 enim
708 1743 911 1818 obsessores
938 1747 974 1819 in
992 1744 1112 1819 fabrili
1136 1749 1301 1833 fornace,

228 1889 310 1963 quae
330 1865 365 1934 in
383 1879 556 1960 promptu
573 1877 707 1935 structa
726 1864 860 1950 luerat,
879 1864 1016 1935 lerrum
1036 1864 1224 1937 missilium
1241 1890 1304 1937 ca-

229 1980 460 2065 letactebant,
483 1979 675 2079 subitoque
697 2006 804 2079 super
827 1996 961 2054 tectum
984 1981 1194 2080 principalis
1211 1982 1303 2054 aulae

232 2099 267 2171 in
290 2100 517 2172 munimento
530 2097 731 2198 jaciebant,
751 2114 787 2172 et
804 2100 854 2171 sic
870 2100 1007 2171 serrum
1022 2097 1178 2173 candens
1194 2102 1305 2198 sagit·

231 2232 349 2288 tarum
363 2245 380 2287 a
387 2233 470 2316 tque
486 2217 644 2313 pilorum
661 2217 697 2287 in
711 2214 809 2287 arida
822 2232 983 2288 veterum
998 2215 1169 2315 lanugine
1181 2214 1305 2289 imbri-

230 2358 314 2405 cum
341 2335 395 2427 (π)
434 2335 518 2405 totis
548 2330 684 2405 nisibus
714 2331 885 2431 figebant.
914 2330 1002 2405 lnde
1029 2358 1181 2432 magnus
1212 2333 1304 2432 ignis

230 2446 394 2520 celeriter
413 2449 595 2520 conlectus
620 2463 691 2533 est,
716 2463 753 2520 et
777 2445 1024 2521 defensoribus
1043 2446 1167 2547 oppidi
1186 2445 1303 2520 valide

229 2567 493 2663 pugnantibus«,
520 2565 718 2665 dolumque
737 2562 979 2639 nescientibus
1003 2565 1110 2637 trimis
1125 2566 1303 2637 conforta·

230 2698 286 2754 tus
302 2699 374 2768 est,
394 2682 509 2756 donec
536 2683 678 2755 llamma
696 2707 804 2783 super
828 2682 941 2780 capita
966 2707 1093 2755 eorum
1116 2704 1303 2780 progressa

264 2900 303 2970 (t)
318 2900 357 2953 Ce
375 2898 472 2951 clritlie
491 2916 560 2951 nous
577 2899 665 2970 parait
683 2898 750 2952 hors
762 2897 797 2951 de
815 2909 894 2954 toute
911 2897 1140 2964 vrsisentblanoe;
1160 2898 1303 2971 peut-titre

228 2989 322 3044 laut-il
345 2989 395 3042 lire
417 2992 577 3059 serugintn.
603 2989 690 3043 ll'otre
710 2999 804 3042 cavant
826 2988 1058 3062 correspondent,
1081 2990 1119 3044 bl.
1139 2990 1300 3063 stapleton,

229 3098 313 3153 pense
328 3099 362 3133 au
378 3081 517 3133 contraire
530 3097 585 3154 que
597 3098 628 3133 ce
642 3079 759 3135 nombre
771 3079 806 3134 de
819 3080 971 3135 chevaliers
986 3100 1000 3134 a
1016 3099 1053 3154 pu
1067 3080 1172 3147 suffire,
1191 3084 1205 3134 l
1221 3098 1303 3135 cause

228 3169 277 3226 des
291 3171 447 3225 nombreut
465 3171 624 3237 lautassins,
641 3175 755 3243 ecuyers
768 3182 796 3226 et
809 3182 932 3225 sertauts
948 3171 1066 3225 d’armes
1080 3170 1162 3245 qu’ilt
1175 3170 1302 3226 deraieut

228 3262 304 3315 avoir
318 3280 380 3314 seins
394 3261 468 3314 leurs
481 3261 590 3323 ordres,
606 3263 695 3335 etqui
711 3272 773 3315 sont
786 3260 1002 3315 sous-entendus
1014 3261 1059 3315 ici.

263 3355 302 3423 (a)
322 3353 342 3405 ll
365 3354 451 3425 {tatuit
471 3372 526 3426 que
544 3353 569 3405 le
588 3353 704 3407 clniteau
722 3352 819 3406 n'etait
837 3368 885 3424 pas
901 3361 1015 3405 courert
1028 3350 1063 3403 de
1078 3349 1161 3404 untes
1175 3368 1212 3405 ou
1228 3350 1303 3405 d’ar-

228 3444 333 3507 doises,
352 3446 419 3498 mnis
432 3444 591 3498 d'aissantes
606 3463 642 3497 ou
659 3444 811 3509 bardeaux,
826 3460 934 3496 comme
948 3442 974 3495 le
988 3452 1050 3495 sont
1062 3458 1178 3509 encore,
1194 3441 1302 3499 danale

229 3536 342 3590 Lieuriu
361 3547 388 3590 et
407 3536 432 3589 le
449 3536 600 3600 lloumois‚
622 3534 646 3588 la
666 3535 777 3608 plupart
795 3534 843 3587 des
860 3533 985 3587 clochers
997 3532 1033 3586 de
1045 3518 1206 3606 campagus.
1225 3533 1248 3587 ll
1261 3544 1303 3587 est

228 3643 329 3680 encore
342 3627 474 3698 proliable
487 3645 542 3701 que
555 3645 600 3679 ees
612 3625 750 3679 bardeaux
768 3625 901 3678 u’etaient
918 3625 998 3697 point
1011 3624 1116 3695 points,
1131 3622 1167 3677 de
1180 3625 1302 3679 maniere

229 3733 284 3787 que
297 3715 335 3767 les
348 3716 453 3770 licliens
466 3720 574 3770 avaient
587 3734 625 3788 pu
638 3734 666 3769 se
679 3715 833 3787 multiplier
846 3713 942 3768 (lessus
954 3717 1042 3767 touta
1057 3712 1118 3767 leur
1131 3714 1195 3768 aise.

265 3806 305 3859 Ce
323 3806 440 3859 eluiteau
458 3807 553 3861 n'etait
571 3826 618 3878 pias
636 3806 708 3859 celui
727 3806 796 3860 dont
814 3823 869 3859 une
886 3805 998 3877 portion
1015 3802 1054 3857 du
1068 3802 1172 3875 donjon
1185 3803 1303 3857 subsiste

230 3912 344 3953 encore.
365 3906 393 3949 et
410 3914 465 3969 que
482 3914 553 3949 nous
570 3913 687 3966 crotous
701 3896 777 3949 avoir
791 3897 835 3949 ete'
849 3894 905 3948 beiti
921 3913 971 3968 par
987 3893 1026 3947 les
1043 3895 1187 3965 seigneur-s
1200 3892 1302 3946 d'llar-

230 3995 319 4037 court>
340 3984 362 4036 ll
382 3986 444 4037 n'en
462 3988 590 4057 occupait
607 3986 697 4039 meme
715 4003 763 4057 pas
780 3984 1013 4056 l'etnplacenunt,
1033 3986 1101 4037 mais
1114 4002 1169 4036 une
1182 3983 1216 4035 tt·
1230 3980 1303 4037 dela

232 4074 343 4139 riviire,
359 4093 467 4127 comme
479 4076 641 4130 (luillaume
652 4075 687 4128 de
699 4075 816 4128 Poitiers
829 4074 964 4149 l’iudique
976 4076 1031 4128 tres
1044 4074 1213 4127 clairemeut.
1231 4074 1303 4126 tuus

232 4181 384 4234 <ttpposous
397 4183 452 4237 que
464 4176 536 4218 cette
550 4166 585 4218 ile
598 4168 664 4220 etait
678 4165 745 4219 celle
757 4167 806 4239 «μή
820 4165 923 4217 s'etettd
937 4164 1036 4235 depuis
1049 4161 1074 4217 le
1086 4173 1152 4235 potu
1167 4164 1238 4233 prin«
1249 4162 1302 4233 tpal

234 4258 357 4325 ittsqtt'au
373 4266 439 4323 petit
456 4266 536 4325 perit.
552 4257 637 4308 istisin
652 4256 717 4307 ‹l'un
732 4254 837 4308 tnotilin
852 4259 865 4306 i
880 4254 965 4307 liuilc.
