3046 5244
246 423 451 500 ,suessan
626 416 742 479 niuea
761 417 918 481 sexsus.
1244 430 1296 485 ιιι

242 551 366 626 multis
377 547 668 637 desolationibus,
682 576 768 649 quaa
778 575 884 649 supra
896 553 1031 639 iactavi,
1045 551 1175 628 dirutae
1185 573 1300 644 eistat,

241 661 1299 771 munieras,stadumtaudabitenndiumomnetngeninm

235 807 439 857 taunacum
451 796 523 853 tota
535 777 811 878 possibilitateet
820 781 1014 857 substantia
1025 783 1231 861 medullitus
1241 813 1302 887 ap

235 900 405 998 plicaret.
427 898 495 973 Hie
512 896 682 973 nimirum
700 897 881 974 basilicam
898 916 1055 975 veterem
1073 904 1183 978 nasacti
1203 903 1299 979 Petri

234 1015 393 1114 apastoli
415 1015 573 1115 propriis
592 1013 792 1113 sumptibus
811 1019 1008 1115 reanavit,
1029 1019 1162 1119 talique
1183 1021 1301 1099 studio

235 1132 665 1232 cunctipotentemlleum
675 1131 742 1205 sihi
754 1132 1127 1231 placaredesideravit.
1137 1135 1299 1229 Quodam

231 1275 360 1339 mite,
373 1248 460 1326 dum
473 1247 650 1324 bubulcus
662 1251 736 1350 ejus
747 1249 856 1324 bores
867 1252 904 1326 in
916 1251 1011 1327 colle
1023 1277 1130 1351 super
1142 1254 1298 1329 rivulum

231 1365 455 1439 &antonna
472 1368 527 1462 (t)
545 1364 758 1455 ctutoditet,
777 1383 814 1441 et
832 1368 924 1443 inter
940 1368 1132 1465 parietinas
1148 1367 1211 1444 ubi
1226 1372 1300 1445 sm·

232 1481 392 1557 eundior
405 1481 514 1557 herba
527 1497 618 1556 esset
630 1482 840 1572 excubaret,
857 1509 939 1560 eone
954 1486 1163 1584 peregrinus
1176 1487 1207 1559 ei
1221 1488 1301 1587 qui·

231 1598 316 1673 dam
333 1599 466 1686 astitit,
488 1597 608 1699 ibique
620 1601 719 1699 quasi
734 1599 858 1675 labore
874 1600 1013 1676 itineris
1028 1603 1135 1675 sessus
1150 1603 1297 1690 resedit,

232 1732 269 1788 et
288 1743 376 1791 cum
398 1715 523 1791 ewam
544 1716 751 1816 aliquandiu
768 1717 990 1793 cotatabulari
1011 1719 1138 1818 eoepit.
1165 1721 1298 1797 cetera·-

234 1854 299 1921 ter‚
311 1834 444 1934 inquit,
457 1834 512 1907 ad
524 1835 754 1909 Gunasonem
766 1837 876 1924 unde,
890 1853 927 1908 et
938 1835 1001 1909 dic
1013 1840 1049 1908 ei
1061 1854 1100 1909 ut
1111 1841 1299 1936 consentin

236 1952 497 2025 unsntadme.
508 1950 671 2051 Cumque
683 1949 912 2029 bubulenus
923 1951 1048 2029 herum
1059 1981 1161 2031 sunm
1174 1982 1298 2032 cucur·

236 2069 347 2151 risset.
363 2084 399 2140 et
413 2069 595 2165 peregrini
609 2065 713 2139 rerba
727 2068 934 2156 intimasset,
951 2068 1011 2143 iile
1021 2070 1165 2168 pigritia
1177 2069 1299 2147 deten-

238 2201 301 2271 tus,
315 2185 423 2283 jussis
436 2212 510 2260 non
524 2183 797 2269 obsecundavit,
814 2185 875 2256 ssd
890 2188 1121 2285 peregrinum
1135 2213 1220 2263 mox
1233 2213 1298 2285 per

238 2302 405 2377 {amulum
413 2300 457 2377 ad
465 2327 502 2374 se
512 2302 634 2377 venire
643 2302 828 2400 precepit.
840 2303 1136 2377 llieveroiternm
1145 2307 1296 2415 ettfftio

239 2418 402 2493 clientem
412 2417 556 2506 direxit,
567 2418 835 2495 sedobetinatus
845 2418 1027 2516 heros(a)‚
1039 2420 1158 2496 nescio
1166 2420 1297 2520 quibus

237 2552 438 2634 occupatus,
454 2562 529 2610 non
545 2538 620 2609 ivit.
638 2537 800 2637 Cumque
817 2534 994 2611 bubulcus
1008 2538 1115 2613 tertio
1129 2536 1294 2627 redisset,

237 2651 492 2752 dominumque
516 2678 619 2729 suum
647 2653 897 2728 nnile'venire
924 2654 1144 2742 nunciasset,
1176 2655 1293 2745 Veni,

238 2771 349 2870 inquit
366 2770 506 2858 senior,
531 2787 563 2841 et
581 2770 772 2866 diligenter
791 2771 938 2842 intende
959 2798 1041 2870 quar
1059 2771 1200 2871 loquor.
1220 2772 1296 2847 Hie

236 2885 332 2959 Iocus
349 2912 375 2957 a
385 2886 509 2985 prisco
525 2901 681 2984 tempore
693 2885 819 2958 ds'rt'rtu
831 2885 1077 2959 benedictione
1089 2887 1295 2984 sanctificu-

235 3019 284 3075 ω
305 3021 378 3090 est,
403 3020 437 3077 et
457 3004 697 3075 sanctissimis
715 3003 877 3100 reliquiis
898 3001 1097 3074 ditissimus
1121 3021 1183 3076 est.
1209 3004 1294 3077 Htec

232 3119 364 3209 dicens,
380 3117 548 3194 nattdidus
560 3120 693 3192 relator
704 3120 873 3207 surrexit,
891 3120 926 3193 in
939 3118 1058 3192 medio
1072 3145 1164 3192 areae
1174 3119 1293 3197 sedem

232 3239 351 3313 aitaris
365 3255 496 3311 sanctoe
514 3238 577 3310 Dei
600 3238 782 3336 genitricis
799 3237 923 3313 Maria
940 3235 1116 3323 ostendit,
1138 3239 1294 3336 itemque

231 3382 327 3427 aram
339 3371 473 3429 sanctae
486 3371 522 3424 et
534 3351 725 3428 individue
739 3355 926 3429 Trinitatis
938 3354 982 3427 ad
995 3354 1178 3429 Orientem
1191 3382 1295 3430 mon·

232 3474 355 3544 stravit
372 3476 441 3569 (3).
468 3473 603 3546 Deinde
627 3471 832 3570 obstupenti
855 3471 1014 3547 bubulco
1039 3473 1227 3570 adjunxit:
1249 3473 1296 3547 Ss'

229 3589 398 3661 slonu'ntss
418 3607 498 3658 tuns
512 3589 566 3658 ud
576 3616 632 3658 me
645 3590 815 3665 awrsr'sset.
834 3587 1029 3659 dnmmodo
1047 3592 1167 3686 ipsum
1180 3605 1294 3685 perte

260 3837 301 3900 (a)
312 3834 347 3885 Ιι
355 3834 561 3894 (Ιίιιιιιιιῐοιιιιι,
571 3834 619 3903 qni
629 3833 696 3885 n'est
705 3849 805 3886 encore
812 3831 898 3903 qu'nn
908 3833 1031 3886 ruisseau
1041 3830 1109 3887 dans
1118 3834 1289 3904 aequastier.

260 3925 300 3990 νι)
312 3922 351 3973 Ce
364 3932 424 3974 anot
435 3929 479 3973 est
490 3919 616 3990 enipioye
630 3920 665 3973 ici
679 3918 747 3972 dans
760 3919 786 3973 ie
799 3936 860 3973 sans
873 3917 908 3973 de
922 3919 1013 3974 henas.

261 4007 300 4079 β)
317 4011 340 4065 li
359 4011 441 4082 s‘agit
455 4012 490 4065 iri
507 4010 542 4064 de
557 4009 660 4081 i’eglise
673 4004 793 4065 btne'en
810 4009 956 4063 i'hounenr
968 4008 1003 4063 dc
1020 4009 1043 4063 la
1060 4009 1288 4079 Sainte-i'ierge.

228 4120 275 4171 par
287 4101 325 4154 tes
338 4103 415 4154 soins
427 4099 463 4153 de
475 4100 498 4152 ia
512 4101 586 4153 reine
603 4099 744 4164 Faileubr,
759 4110 787 4153 et
797 4118 852 4172 qne
866 4118 933 4155 nous
944 4117 1096 4172 supponens
1104 4098 1291 4169 atoiroccnpr

226 4190 445 4263 i’empiaoenrnt
461 4189 495 4243 dc
508 4190 838 4245 Notae-Daune-‹tu-ttois.
