3046 5244
233 471 441 551 [1111-1110]
618 464 733 529 111111
754 460 912 531 ssxms.
1237 473 1294 533 117

231 602 360 675 multus
373 627 461 674 uero
474 599 599 673 illotos
613 599 685 672 sibi
696 602 775 673 sine
789 604 914 673 merito
928 600 1182 692 contumelias,
1199 604 1297 676 uelut

231 720 442 791 Susannam
448 716 786 817 praejudicnserunt
794 722 926 818 ipsum,
941 742 1026 790 cum
1038 721 1139 791 omni
1147 723 1296 793 omnino

224 838 455 938 possessione
469 835 606 907 ditioni
627 838 722 934 regis
743 834 974 908 tradendum.
997 838 1086 911 Post
1103 837 1176 909 tole
1184 838 1297 939 judi·

228 956 342 1041 cium,
365 979 451 1024 eum
470 979 540 1025 suu
564 951 714 1024 reddere
735 969 938 1052 cogeretur,
962 979 1046 1052 quse
1069 958 1104 1025 in
1122 974 1295 1057 promptu

228 1088 328 1145 erant
345 1070 512 1143 reddidit
518 1104 534 1157 ;
554 1069 721 1143 nbsentio
741 1069 802 1142 ubi
819 1086 936 1142 essent
943 1126 956 1159 ,
976 1088 1009 1143 et
1026 1076 1088 1172 qui
1103 1089 1219 1144 essent
1236 1073 1297 1146 de-

229 1190 358 1263 bitores
379 1189 566 1261 indicauit.
589 1187 667 1260 Sed
682 1213 762 1260 cum
776 1186 888 1288 pluro
907 1189 1077 1278 reddere,
1098 1209 1134 1262 et
1149 1193 1295 1290 majora

227 1305 392 1377 iudu'cnre
401 1304 681 1403 compelleretur,
691 1305 855 1403 Anglicn
864 1303 1119 1403 lr'ngun:That
1131 1322 1204 1380 wat
1216 1308 1293 1379 min

229 1421 341 1494 lauert
364 1420 471 1520 godel
496 1419 627 1493 mihtin
652 1419 728 1492 that
756 1422 787 1494 ic
809 1446 891 1520 sege
913 1420 1011 1510 soth,
1038 1421 1292 1524 respondebat.

231 1540 340 1638 Quod
369 1565 437 1612 nos
463 1539 586 1610 Latini
615 1538 805 1611 dicimus:
834 1539 885 1611 Mi
911 1540 1077 1629 domine,
1109 1543 1175 1613 scit
1202 1541 1295 1614 Deus

227 1659 455 1756 omnipotens
476 1656 558 1755 quia
584 1657 772 1730 veritatem
796 1654 892 1730 dico.
914 1657 998 1731 Hoc
1021 1658 1131 1731 verbo
1158 1664 1294 1762 saepius

227 1777 394 1876 repetito,
413 1773 508 1846 nihil
519 1773 626 1846 uliud
637 1773 792 1846 dicebat.
811 1773 1021 1874 Propalutis
1034 1775 1199 1848 omrn'bus
1213 1802 1296 1875 quse

228 1889 399 1977 iubebat,
415 1890 805 1989 offerunturreliquioe.
821 1890 895 1989 Qui
905 1895 1122 1991 cuntjurore
1132 1892 1293 1982 deberet,

228 2009 321 2081 1111111
347 2014 456 2081 uxori
476 2035 556 2080 suce
582 2038 591 2079 .·
617 2010 731 2081 Soror
758 2033 857 2096 mea,
890 2034 955 2107 per
985 2007 1075 2082 illud
1104 2009 1202 2111 quod
1230 2036 1294 2083 nos

227 2127 392 2225 astringit
404 2126 589 2198 vinculum
601 2124 802 2210 charitatis,
818 2141 854 2199 te
866 2124 1012 2226 adjuro,
1032 2153 1078 2200 ne
1095 2152 1152 2200 me
1169 2130 1293 2227 perju-

229 2242 317 2314 rium
337 2243 524 2314 incurrere
542 2242 701 2339 patiaris.
723 2241 807 2314 Plus
824 2243 922 2314 enim
941 2243 1071 2314 aitimae
1092 2242 1293 2340 periculum

227 2384 330 2458 qnam
353 2358 520 2457 corporis
540 2359 717 2431 cruciatus
735 2383 941 2458 expavesco.
963 2357 1000 2429 Si
1024 2357 1136 2456 igitur
1158 2358 1293 2459 aliquid

226 2475 352 2549 residui
376 2492 435 2547 tua
462 2474 527 2547 tibi
555 2477 770 2550 conscientia
796 2474 1037 2560 demonstrat,
1069 2476 1105 2548 in
1134 2475 1292 2550 medium

226 2595 386 2690 proferre
404 2619 478 2667 non
499 2591 656 2667 differas.
679 2593 763 2666 Plus
780 2594 877 2666 enim
895 2591 1060 2665 inimicus
1076 2608 1201 2666 noster
1216 2594 1293 2692 spi-

226 2711 360 2784 ritualis
375 2712 579 2783 animarum
594 2708 879 2799 damnationem,
896 2736 1005 2810 quam
1022 2710 1140 2782 carnis
1156 2709 1293 2783 laceru-

225 2828 359 2902 tionem
385 2826 574 2901 desiderat.
606 2829 673 2901 Ad
697 2855 801 2928 quem
830 2828 895 2900 itta
920 2856 928 2899 :
953 2827 1126 2915 Domine,
1153 2830 1289 2926 inquit,

225 2963 355 3041 proeter
381 2944 533 3018 indicata
556 2946 608 3016 nil
633 2946 786 3018 omnino
809 2945 875 3017 nisi
901 2971 961 3018 xv1
987 2943 1121 3018 solidos
1143 2962 1179 3018 ct
1202 2942 1291 3018 duos

226 3078 361 3136 tantum
376 3063 519 3150 anulos,
539 3090 575 3136 1v
587 3061 753 3136 denarios
767 3061 1025 3161 appendentes,
1046 3058 1172 3135 habeo.
1193 3063 1292 3162 Qui·

226 3179 286 3252 bus
293 3187 333 3252 in
340 3182 541 3282 praesentiu
550 3180 716 3279 prolatis,
731 3183 861 3277 virago
871 3180 1064 3280 subjunxit
1081 3209 1089 3251 :
1104 3180 1291 3253 Carissimo

227 3301 400 3400 conjunx,
420 3297 531 3371 modo
547 3300 628 3396 jura
652 3323 815 3385 securus3
836 3323 903 3397 ego
928 3314 1048 3396 postea
1073 3296 1291 3371 confirmans

228 3441 298 3488 mee
325 3433 413 3489 teste
439 3417 655 3489 conscientia
681 3433 715 3488 te
743 3441 867 3489 verum
890 3418 1043 3515 jurasse,
1067 3413 1160 3488 nuda
1181 3441 1290 3489 manu

229 3529 355 3605 [11111111
370 3530 545 3620 calidum,
561 3533 589 3605 si
599 3532 761 3632 jusseris,
778 3558 901 3606 coram
914 3529 1081 3605 omnibus
1093 3532 1154 3631 qui
1168 3529 1290 3605 videre

232 3649 421 3738 voluerint,
443 3648 608 3748 portabo.
635 3650 741 3750 Quid
756 3648 902 3722 multo?
911 3652 1072 3751 jurarit,
1093 3676 1141 3722 nc
1157 3649 1292 3723 deinde

233 3765 288 3835 tub
307 3767 474 3840 custodia
498 3768 632 3866 ligatus
638 3823 651 3856 ,
678 3795 722 3839 uc
746 3766 976 3842 Lundoru'nm
1002 3767 1149 3854 ductus,
1177 3767 1230 3839 ibi
1252 3769 1290 3837 in

236 3906 402 3957 carcerem
416 3885 606 3957 obscurum
620 3886 828 3958 retruditur.
843 3885 972 3986 Ibique
984 3885 1287 3983 vinculisserreis,

236 3996 304 4088 pius
320 4028 433 4100 quom
450 4003 541 4074 sotis
554 4003 792 4100 ponderosis,
804 3999 957 4101 sortiter
982 4019 1016 4074 et
1038 4002 1288 4074 contumeliose

240 4121 457 4203 constrictus,
490 4118 602 4204 11111111
631 4136 664 4190 et
677 4118 835 4216 frigoras
865 4119 1083 4192 crrtcintibus
1109 4117 1288 4188 diuturnis
