3046 5244
88 460 197 538 ,raray
485 454 601 518 arnan
623 456 760 517 noras.
1098 457 1159 521 tar

88 587 289 687 Stephanus
303 588 493 676 blesensis,
509 603 545 661 et
557 585 762 661 Rodbertns
775 584 1015 675 Flandreusis,
1028 586 1161 690 aliique

91 728 276 803 proceres,
297 705 358 804 qui
376 703 421 776 de
437 704 559 776 multis
575 704 775 803 provinciis
791 719 1057 801 processerant,
1073 704 1163 779 etin

88 821 188 894 ltalia
207 846 288 892 cum
307 820 458 891 catervis
473 820 544 892 sais
561 818 827 907 hiemaverant,
846 818 1015 892 alacriter
1028 820 1160 918 parati,

91 936 232 1038 placido
249 962 333 1009 rere
348 919 493 1038 pelagus
507 936 684 1011 sulcantes
700 934 943 1025 Adriaticum,
961 939 1167 1011 transfreta·

91 1070 238 1141 rerunt,
259 1070 296 1126 et
313 1053 437 1127 Marco
454 1051 668 1126 buamundo
686 1053 723 1125 in
741 1050 952 1131 Macedonia
967 1054 1024 1151 (r)
1041 1053 1164 1127 sociati

89 1187 186 1242 sant.
200 1171 294 1243 Dum
309 1187 405 1242 tanta
421 1169 589 1244 nobilitas
601 1172 638 1243 in
650 1195 765 1242 unum
776 1170 968 1256 convenit,
981 1186 1019 1243 et
1033 1171 1168 1245 incom-

91 1287 259 1386 parabilis
277 1286 438 1386 probitas
456 1289 533 1359 sine
549 1286 695 1360 lictione
711 1284 756 1358 ad
772 1311 862 1385 opus
877 1286 942 1361 Dei
959 1312 996 1361 se
1008 1286 1164 1377 obtulit,

91 1388 956 1507 ingenscunctistimentibusDeum,quiaderant,
966 1404 1168 1504 tripudium

87 1524 167 1595 luit.
188 1523 333 1596 Alexius
351 1541 472 1596 autem
487 1526 698 1623 imperator,
718 1520 783 1625 qni
795 1521 1008 1621 jamdudum
1024 1523 1170 1624 Cisalpi-

92 1667 224 1713 norum
252 1667 352 1713 arma
380 1643 540 1742 graviter
567 1656 737 1740 expertus
765 1656 838 1729 est,
864 1639 987 1714 audito
1010 1639 1169 1715 adventu

91 1776 275 1831 tantorum
305 1759 482 1833 baronum
514 1758 621 1832 nimis
646 1759 794 1831 territus
817 1774 888 1847 est,
915 1774 954 1831 et
980 1774 1165 1859 perspecta
1229 1770 1239 1779 ’

90 1893 167 1948 arte
184 1902 249 1974 per
276 1902 383 1976 quam
403 1875 603 1975 periculum
625 1874 812 1962 eraderet,
841 1873 909 1948 sub
938 1875 1058 1975 specie
1070 1876 1169 1976 pacis

90 2017 150 2063 eos
168 1991 255 2064 dolo
283 1991 449 2090 decipere
473 2006 622 2066 conatus
640 2007 706 2064 est.
737 1991 827 2063 Erat
851 1992 951 2063 enim
967 1988 1117 2065 callidus
1132 2008 1170 2065 et

88 2109 280 2197 lacurrdus,
303 2110 440 2209 largus,
459 2126 496 2182 et
512 2108 657 2182 fallendi
674 2109 801 2182 artilex
818 2108 1036 2210 ingeniosus.
1055 2111 1171 2212 Lege·

91 2244 146 2299 tos
163 2229 274 2327 igitur
290 2227 332 2300 ad
353 2228 491 2301 nobiles
509 2227 723 2327 peregrinos
739 2228 856 2319 misit,
871 2245 909 2301 et
920 2252 1046 2328 pacem
1059 2227 1106 2301 ab
1118 2229 1169 2303 eis

92 2344 281 2419 humiliter
294 2346 498 2446 requisivit,
513 2344 741 2447 liberumque
753 2347 945 2420 transitum
954 2370 1022 2446 per
1032 2363 1169 2420 terram

90 2490 211 2552 suam,
240 2480 275 2534 et
302 2464 542 2535 necessarium
569 2465 758 2563 negotium
782 2478 889 2564 atque
911 2462 1109 2537 subsidium
1132 2489 1170 2539 ae

92 2581 162 2653 illis
177 2579 347 2653 daturum
362 2608 444 2653 cum
454 2583 663 2680 juramento
677 2583 857 2681 promisit.
877 2583 958 2657 Dux
971 2608 1061 2657 reto
1077 2584 1168 2656 Bua-

91 2697 262 2787 mundas,
282 2703 343 2798 qui
361 2699 501 2772 fraudes
517 2701 592 2800 ejus
607 2698 702 2774 bene
724 2698 862 2772 dudum
882 2716 1052 2800 expertus
1066 2716 1166 2789 erat,

88 2842 242 2917 eumque
255 2816 353 2890 bello
369 2816 424 2890 bis
439 2818 619 2891 devicerat
632 2819 706 2917 (a),
722 2818 898 2890 simulatis
914 2816 1168 2918 sponsionibus
1238 2858 1249 2879 e

91 2968 163 3013 non
178 2941 377 3041 adquievit;
394 2941 455 3014 sed
469 2944 584 3016 socios
594 2967 676 3015 suos
688 2940 731 3014 ad
745 2939 981 3045 obsidendam
994 2918 1168 3015 Constan-

91 3060 284 3157 tinopolim
312 3061 466 3131 viriliter
485 3061 667 3146 incitavit,
693 3076 729 3132 et
752 3060 878 3132 multis
903 3087 944 3133 ac
961 3057 1167 3159 probabili-

88 3174 167 3261 bus,
186 3175 254 3249 hoc
268 3175 333 3248 sibi
348 3175 678 3249 commodissimum
692 3202 779 3268 esse,
794 3175 1070 3277 allegationibus
1086 3203 1165 3249 ma·

89 3294 213 3366 nilcste
227 3294 397 3366 ostendit.
419 3294 548 3367 Franci
565 3309 685 3366 autem
702 3292 873 3367 dixerunt
894 3324 902 3365 :
925 3294 1004 3367 Nos
1017 3294 1166 3369 divinus

87 3429 233 3485 nostras
251 3413 528 3511 dereliquimus,
548 3429 583 3483 et
589 3415 924 3513 peregrinationem
944 3428 1074 3511 sponte
1088 3438 1164 3511 ag-

83 3531 205 3625 gressi
220 3556 367 3617 sumus,
388 3545 428 3598 ut
439 3554 510 3628 pro
527 3554 652 3600 amore
669 3527 807 3600 etr-isa·
812 3552 985 3627 paganos
1002 3525 1163 3625 conjura-

122 3792 130 3853 (
137 3798 160 3841 rt
177 3794 211 3844 Le
225 3791 278 3843 duc
293 3791 328 3843 ‹lc
343 3789 513 3843 Nor-mandit·
528 3799 554 3841 et
569 3789 593 3842 le
608 3799 700 3842 ronne
713 3787 748 3840 dr
763 3787 835 3842 tttois
847 3805 883 3841 ne
897 3788 1163 3861 s'cmlarqudmnti
1245 3816 1284 3851 ιι,

87 3878 203 3934 Brindrs
213 3901 268 3954 que
283 3883 307 3934 Ιι·
317 3883 383 3951 jour
395 3880 429 3933 dr
444 3882 550 3954 ltaque—s
564 3878 597 3949 (5
609 3878 677 3933 avril
693 3885 785 3953 1⁰9533
801 3878 834 3933 its
847 3897 883 3934 ue
895 3880 1080 3951 rejoignirent
1094 3878 1161 3933 Boe·

85 3969 171 4021 nrond
191 3972 273 4043 qn’au
296 3972 369 4040 siege
394 3970 428 4021 dc
449 3970 547 4034 Nirea,
570 3971 607 4022 οὺ
626 3968 658 4022 ils
673 3968 827 4021 arririaent
839 3966 909 4021 «lans
925 3968 949 4020 la
963 3967 1102 4039 premiere
1118 3984 1162 4019 rr·

86 4061 176 4113 annac
190 4060 224 4112 dc
241 4061 313 4130 jnin.
329 4090 365 4102 -
378 4061 511 4133 L'crr'spw
526 4059 561 4115 ‹lc
576 4061 684 4132 ltayenx
700 4059 768 4113 etait
784 4069 856 4113 niort
872 4064 887 4113 a
903 4057 1028 4113 Palrnne
1040 4075 1075 4110 an
1090 4057 1161 4111 mois

83 4147 240 4216 deferrier,
252 4171 360 4204 comme
375 4170 445 4206 nous
460 4152 561 4206 larona
577 4170 612 4205 tu
628 4148 776 4205 eldeum.

118 4238 158 4305 (a)
173 4241 196 4292 Α
210 4240 345 4293 loannina
358 4250 385 4292 et
398 4242 413 4291 'a
427 4241 514 4305 Arta,
526 4259 561 4295 eu
579 4237 656 4295 1⁰83.

162 4356 217 4402 ιιι.
964 4330 1010 4401 52
