3016 5242
215 450 279 509 602
495 445 683 508 HISTORIA
703 442 1012 506 EGCLESIASTICA.
1080 446 1186 523 [tuno
1200 445 1284 523 lust]

218 577 424 678 pectoribus
438 579 610 677 oppositis
623 577 746 651 turbas
757 576 873 651 contis
883 572 1091 675 depellunt,
1106 576 1287 674 oppositos

217 695 420 784 dissiciunt,
437 697 681 796 unusquisque
693 721 796 768 suum
811 694 941 767 sternit
951 691 1070 767 humi.
1083 692 1147 766 Ex
1159 694 1288 793 impro-

217 814 294 886 viso
318 814 434 913 ignari
459 829 671 912 supersunt,
695 829 731 885 et
747 837 826 885 rem
842 825 955 884 totam
971 808 1101 910 gladiis
1120 811 1287 883 commit-

220 945 325 1018 tunt,
359 931 506 1030 Deoque
537 930 685 1030 juvante
719 927 999 1028 praevaluerunt.
1034 924 1189 1000 Etbnici
1222 925 1287 999 duo

220 1074 342 1119 rursus
367 1049 511 1148 agmina
535 1063 709 1137 statuere,
737 1059 901 1146 putantes
921 1068 966 1142 se·
979 1069 1086 1144 posse
1106 1044 1285 1133 misen,

220 1187 286 1237 nec
311 1165 496 1264 quippiam
521 1164 717 1264 profecere.
743 1161 871 1235 Franci
896 1159 1017 1234 denuo
1038 1161 1216 1235 ferociter
1235 1185 1287 1234 eus

220 1282 445 1371 invaserunt,
471 1306 623 1382 suosque
643 1280 689 1353 ab
712 1281 849 1379 impetu
875 1278 938 1352 illo
954 1279 1006 1351 sic
1023 1276 1286 1367 liberaverunt,

218 1415 368 1496 excepto
390 1398 489 1498 quod
523 1397 751 1485 Achardum,
774 1396 928 1470 militem
952 1393 1234 1470 audacissimum
1257 1411 1288 1469 et

218 1515 357 1614 aliquot
374 1540 418 1588 ex
440 1513 620 1614 peditibus
639 1514 690 1587 ibi
712 1514 922 1588 amiserunt.
944 1514 1144 1614 Fugientes
1159 1515 1287 1624 'Inruit

217 1632 292 1705 sere
308 1631 351 1704 ad
369 1649 524 1732 quatuor
541 1632 708 1705 milliaria
728 1632 879 1709 insecuti
892 1645 994 1721 sunt,
1009 1646 1049 1703 et
1063 1630 1194 1730 plures
1213 1658 1288 1705 crn-

219 1745 361 1846 pidibus
372 1749 485 1821 acutis
496 1748 748 1822 confoderunt.
761 1748 917 1822 Centum
928 1748 1038 1821 etiam
1049 1763 1089 1821 et
1098 1763 1178 1822 tres
1188 1774 1289 1850 quot

219 1865 468 1954 retinuerunt,
492 1881 529 1939 et
549 1892 664 1938 unum
686 1865 871 1939 bominem
893 1865 1036 1952 vim,
1062 1867 1129 1965 qui
1157 1882 1289 1941 coactu

218 1983 402 2054 enarravit
419 2006 486 2080 per
501 1982 669 2061 ordinem
691 2007 928 2083 quaecumque
945 1980 1168 2057 Christianis
1181 2009 1289 2084 oppa·

220 2099 410 2172 rabuntur.

268 2216 311 2287 In
328 2214 515 2289 obsidione
540 2216 688 2289 interim
703 2219 777 2290 sitis
798 2215 990 2291 vehemens
1006 2216 1243 2316 grassabatur
1258 2234 1290 2293 ot

219 2331 437 2429 perurgebat
452 2331 685 2406 Christianos.
703 2332 925 2407 Ducentibus
937 2358 1051 2435 equos
1061 2333 1112 2408 ad
1127 2351 1289 2438 aquatum

218 2474 286 2547 per
298 2474 358 2522 sex
376 2450 542 2522 milliaria
560 2451 710 2551 gentiles
724 2449 999 2540 insidiabantur,
1012 2469 1051 2526 et
1067 2478 1116 2527 ex
1133 2453 1288 2529 locorum

221 2566 393 2664 angustiis
414 2567 573 2666 graviter
602 2592 662 2640 eos
685 2566 980 2643 adversabantur.
1000 2566 1155 2643 Cedron
1182 2569 1287 2644 etalii

222 2699 401 2756 torrentes
426 2686 569 2758 enormi
597 2701 686 2757 aestu
701 2701 884 2759 aruerant.
906 2686 1010 2758 Panis
1027 2684 1243 2761 bordeiceus
1256 2687 1287 2759 iu

221 2800 345 2873 castris
369 2815 446 2872 erat
464 2801 655 2897 pretiosus.
671 2799 870 2900 Indigetes,
888 2800 926 2872 in
948 2802 1117 2875 cavernis
1139 2803 1198 2877 rel
1216 2826 1289 2903 spe-

223 2915 338 2987 luncis
354 2915 618 3001 delitescentes,
637 2935 857 2991 commeatus
872 2941 996 2993 omnes
1010 2916 1279 2995 abdicaverant.

270 3028 453 3128 Designati
479 3030 660 3129 principes
684 3031 728 3104 ad
754 3034 944 3109 consilinm
962 3051 1240 3129 convenerunt,
1259 3048 1289 3108 et

220 3143 308 3243 quid
324 3147 374 3217 eis
393 3147 431 3219 in
450 3148 558 3219 tantis
576 3148 837 3228 calamitatibus
853 3149 1065 3252 agitandum
1082 3154 1203 3245 toret,
1220 3154 1289 3228 elo·

221 3263 294 3334 cuti
315 3280 412 3335 sunt.
437 3265 618 3339 Dixerunt
640 3293 728 3368 ergo
751 3299 761 3340 τ
782 3271 980 3369 Angustiae
1003 3286 1092 3343 sunt
1118 3272 1286 3373 undique5

215 3384 329 3480 panis
352 3381 493 3482 deficit;
516 3410 616 3483 aqua
637 3385 749 3458 deest.
770 3386 851 3460 Nos
873 3389 945 3488 ipsi
963 3388 1133 3484 graviter
1149 3386 1286 3464 obstito-

220 3526 314 3586 mur,
334 3499 422 3571 darn
444 3502 626 3574 ciuitatem
645 3505 752 3577 istam
770 3530 838 3577 nos
854 3503 1042 3579 obsedisse
1057 3506 1284 3583 arbitram.

220 3616 489 3688 exoneratam
502 3620 575 3689 vix
589 3621 691 3691 exire
706 3618 905 3710 audemus,
921 3637 956 3693 et
972 3637 1062 3695 tunc
1078 3628 1194 3697 uacui
1206 3620 1286 3696 redi·

219 3757 312 3802 tarsos.
340 3733 407 3804 Ex
430 3733 543 3832 longa
565 3761 665 3808 mora
683 3739 877 3837 penuriam
898 3737 996 3811 banc
1020 3745 1285 3827 contraximus,-

220 3865 254 3917 ει
270 3852 343 3919 nisi
354 3853 652 3949 praecaverimus,
664 3856 870 3952 graviorem
884 3855 1158 3933 contrahemus.
1173 3858 1284 3933 Armis

219 3982 254 4034 et
270 3966 421 4039 beroldo
439 3972 516 4041 sine
534 3970 713 4044 utachinis
733 3971 829 4044 hanc
849 3973 972 4045 urbem
992 4000 1215 4077 expugnatu
1227 3999 1283 4049 rto·

219 4082 376 4175 quimus.
406 4083 561 4156 Obstnnt
595 4090 693 4159 muri
716 4106 749 4160 et
769 4091 1057 4191 propugnacula
1093 4112 1132 4166 et
1158 4112 1281 4177 tumn

217 4196 380 4290 obstruat,
401 4207 465 4301 qui
477 4206 695 4279 intrinsecus
710 4206 936 4299 redundant,
954 4204 1175 4307 defensum.
1191 4206 1284 4313 Quid
