3046 5244
599 432 716 496 LIBER
736 434 923 498 OCTAVUS.
1232 440 1293 506 tat

228 564 488 667 AEgypu'orum
502 581 651 663 patrum
680 567 841 655 tramite,
867 568 935 666 qui
957 568 996 640 in
1022 566 1235 663 Thebaida,
1259 588 1295 645 et

230 683 259 755 S
259 701 369 755 ancta
382 687 419 754 in
441 685 556 755 Terra
569 682 891 756 commorabantur
904 688 998 759 mter
1007 685 1181 761 barbaros
1196 692 1296 762 anti-

229 828 300 900 quo
320 818 494 903 tempore,
510 804 753 874 necessariam
766 803 941 876 rationem
960 802 1086 877 sabuli
1100 806 1296 881 considera

228 937 520 991 exanunauone.

278 1037 413 1109 It'ullas
435 1036 565 1109 doctor
577 1039 664 1137 jure
681 1041 779 1137 cogit
789 1037 926 1138 fideles
949 1042 1073 1112 omnia
1090 1044 1172 1141 pati
1187 1045 1297 1143 pacis

230 1170 403 1253 tempore,
426 1181 510 1253 qua’
527 1158 646 1227 sancti
664 1172 839 1253 martyres
856 1157 1039 1258 compulsi
1054 1173 1139 1230 sunt
1155 1161 1194 1230 in
1209 1184 1299 1259 per-

227 1272 466 1343 secutionibus
484 1298 721 1373 paganorum
743 1270 893 1344 tolerare
899 1306 915 1359 ;
944 1276 1116 1374 quoniam
1136 1300 1205 1349 nec
1225 1277 1301 1378 ipsi

228 1389 358 1460 eadem
376 1406 460 1460 anu
476 1417 683 1489 pressuram
703 1392 894 1488 impioram
910 1391 1004 1463 ultro
1015 1397 1180 1494 perpessi
1194 1409 1297 1485 sunt,

228 1532 323 1604 qna,
333 1505 947 1606 necessitatepostmodnmcogente,
951 1507 1100 1609 preside
1107 1524 1297 1600 certantes,

226 1628 484 1694 sasn'naernru.
502 1626 588 1696 Hoc
601 1626 768 1695 nimirum
787 1624 969 1697 Dominus
980 1630 1093 1698 Petro
1108 1622 1301 1723 manffeste

226 1740 445 1829 declar-nsit,
464 1743 591 1813 dicens
607 1769 617 1812 :
633 1741 722 1811 Cum
740 1766 830 1813 esses
842 1741 982 1840 junior,
1000 1740 1171 1839 cingebas
1187 1758 1242 1830 te,
1262 1758 1300 1816 et

226 1857 432 1928 ambulabas
447 1858 507 1929 ubi
522 1857 678 1931 volebas.
693 1858 784 1929 Cum
799 1874 917 1931 autem
935 1857 1113 1948 senueris,
1131 1857 1300 1932 extendes

229 2002 356 2046 matins
376 1993 467 2063 tuas,
492 1993 527 2047 ct
547 1977 636 2048 alius
656 1993 690 2048 te
708 1977 849 2076 cinget,
874 1992 911 2049 et
931 1974 1041 2050 ducet
1062 2002 1138 2078 quo
1159 1994 1200 2049 tu
1221 2002 1297 2051 non

230 2094 284 2165 vis
300 2096 369 2189 (ι).
392 2094 599 2165 Securaium
614 2110 801 2195 praccepta
824 2095 958 2168 divinae
976 2096 1088 2194 legis,
1104 2095 1303 2196 prudenter

231 2213 367 2281 intuere
391 2239 501 2308 quana
527 2212 681 2282 discrete
699 2216 737 2281 in
756 2215 820 2283 oia
838 2212 912 2282 Dei
926 2210 1057 2283 deceat
1082 2227 1116 2282 te
1133 2210 1217 2282 illos
1236 2210 1300 2283 di-

231 2331 360 2425 rigae,
381 2333 443 2424 qni
456 2343 584 2426 sponte
598 2354 668 2397 sna
686 2331 843 2398 conuersi
856 2352 882 2399 a
896 2325 1088 2399 mundana
1098 2333 1296 2424 pravitate,

230 2445 295 2515 suh
313 2462 374 2514 tao
393 2450 609 2541 arsag-istrata
627 2444 907 2516 emendatiorem
925 2448 1042 2517 vitam
1059 2443 1186 2517 colunt
1200 2446 1297 2519 am·-

229 2588 325 2659 perc.
365 2568 449 2658 (ina
479 2563 617 2632 ratione
639 2575 760 2660 potest
788 2559 993 2662 approbari
1027 2576 1067 2632 ut
1097 2560 1202 2650 illos,
1235 2563 1302 2660 qui

232 2677 322 2747 ultro
336 2679 465 2748 molunt
480 2704 586 2747 ,strum
599 2703 757 2775 nequam
773 2701 851 2748 esse
863 2678 902 2748 t'n
919 2675 1051 2747 bouum
1068 2692 1229 2766 mutare,
1247 2676 1303 2749 ad

231 2795 386 2865 latebras
403 2795 588 2866 Pauline!
603 2796 758 2867 Antonii
770 2794 949 2866 violenter
960 2791 1093 2866 debeas
1110 2790 1300 2891 effugare?

231 2914 290 2984 uu
307 2919 455 3012 qszippe,
467 2931 658 3011 parentam
674 2915 784 2984 etiam
799 2939 945 2983 suorum
958 2915 1100 3001 timore,
1115 2911 1160 2983 dc
1172 2926 1300 3009 pater·

231 3033 288 3100 uis
311 3031 467 3119 laruas,
495 3058 538 3100 ne.
564 3031 828 3119 occiderentur,
839 3025 993 3128 jugere.
1019 3027 1200 3101 Providus
1223 3030 1300 3099 Ar-

232 3149 371 3219 ciu'nter
391 3168 564 3245 aegrotum
575 3148 679 3241 joret
701 3165 899 3251 temperato
919 3147 1184 3233 medicamine,
1207 3149 1302 3219 nesi

231 3270 336 3336 nirnis
360 3272 572 3366 importuna·
595 3266 849 3339 medicationis
871 3283 986 3337 verat
1009 3267 1190 3366 infirmum
1212 3293 1299 3337 cru-

231 3388 402 3460 ciamine.
420 3414 523 3483 qasem
539 3384 743 3458 eunomium
756 3402 978 3485 susceperat,
993 3385 1166 3457 videatur
1177 3385 1301 3455 eatin-

227 3529 351 3601 gurm.
375 3503 510 3574 ‚talias
524 3503 687 3604 prudens
705 3502 867 3574 inualido
887 3500 995 3600 ird'ert
1012 3528 1104 3575 onus
1122 3502 1300 3601 importa-

233 3618 323 3707 bile,
338 3648 383 3690 ne
397 3620 513 3692 lassus
527 3623 696 3721 portitor,
715 3620 777 3693 oei
791 3644 984 3721 oppressus
998 3621 1163 3709 sarcina,
1174 3635 1302 3719 pereat

233 3764 270 3807 tu
290 3756 426 3807 tltus’re.

282 3854 339 3923 Sic
355 3854 469 3951 padam
483 3851 974 3955 monachisrepugnantibus,
984 3851 1078 3926 dixit
1088 3850 1196 3925 abbas
1208 3850 1304 3925 uod·

232 3972 357 4043 bertus
376 4005 383 4041 :
405 3975 659 4045 Ininn'tahilem
678 3976 938 4076 AEgyptiorum
950 3990 1102 4074 patrum
1118 3972 1232 4043 vitam
1251 3972 1304 4042 ad

238 4140 314 4149 ιω,
321 4142 372 4149 ..—

270 4234 307 4295 (ι,
324 4231 456 4285 ΙιιΙιαηη..
473 4251 527 4289 nat,
549 4238 588 4284 tn'.
