3046 5244
356 442 417 501 528
645 438 829 499 HISTORIA
852 436 1160 499 Ecctssstasrtca.
1174 442 1327 515 [avem.
1346 440 1436 521 ΙΜ]

358 572 417 643 riti
437 588 539 657 suut,
562 590 598 645 et
623 589 790 672 repente,
811 571 932 642 (uitreis
947 594 1074 641 eurum
1093 568 1320 657 labantibus,
1343 572 1436 673 luge·

357 707 463 779 ruut;
482 718 574 790 quos
589 693 705 764 nostri
725 706 873 789 repente
887 689 982 760 ultra
997 688 1151 762 Pontem
1162 688 1338 763 Ferreum
1358 718 1436 791 per·

358 808 468 878 secuti
497 822 593 879 sunt.
623 806 712 879 Caesi
736 822 821 877 sunt
846 804 893 876 ibi
918 805 1124 877 Tureorum
1152 804 1258 877 multi
1282 806 1435 895 milites,

359 926 530 1023 quoniam
550 924 717 1022 praelium
737 922 824 996 illud
851 950 923 994 non
943 921 1116 995 babuerat
1138 920 1287 1021 pedites.
1311 924 1438 999 Claris-

360 1042 445 1113 tiani
464 1058 602 1128 antem,
625 1068 759 1139 magno
776 1040 879 1139 [ratiti
899 1040 1087 1138 tropbaeu,
1109 1040 1182 1111 luti
1201 1042 1339 1113 reversi
1357 1060 1437 1117 suut

360 1158 403 1231 ad
422 1186 522 1245 snos,
543 1186 662 1232 secum
679 1159 893 1231 adducentes
910 1159 1044 1232 multos
1060 1183 1192 1257 equos,
1210 1158 1347 1259 quibus
1363 1164 1439 1235 sin-

360 1276 535 1375 gulariter
555 1274 782 1373 indigebant,
804 1290 840 1346 et
860 1274 972 1371 spolia
992 1274 1128 1362 multa,
1146 1299 1229 1374 quae
1248 1276 1284 1347 iu
1312 1278 1439 1375 prelio

361 1390 616 1491 adquisierant.
633 1390 742 1461 anci
759 1392 802 1461 ad
821 1390 1005 1462 castellum
1024 1416 1128 1462 suum
1143 1388 1261 1463 Arecb
1278 1394 1366 1465 satis
1381 1394 1439 1465 in-

362 1508 469 1605 glorii
482 1509 612 1579 reversi
625 1524 728 1595 sunt;
744 1506 856 1607 quud,
870 1506 1285 1605 onnrinodespoliantes,
1296 1536 1441 1583 sucoeu-

361 1623 513 1713 derunt,
537 1641 572 1695 et
590 1630 774 1721 sugerunt.
797 1624 960 1697 Armenii
981 1640 1100 1695 autem
1120 1640 1158 1695 et
1175 1626 1348 1713 Suriani,
1376 1626 1442 1699 boe

364 1742 543 1827 ridentes,
567 1760 665 1815 arcta
685 1743 761 1815 loca
787 1758 1154 1840 praeoccupaverunt,
1174 1758 1211 1814 et
1236 1744 1375 1817 multos
1398 1770 1439 1817 ex

364 1863 415 1933 eis
442 1878 693 1959 peremerunt;
723 1860 896 1961 quosdam
925 1876 1044 1931 antem
1070 1860 1170 1931 riros
1199 1858 1439 1935 reduxeruut.

364 1978 557 2051 Castellum
593 2004 680 2051 rero
721 1976 935 2076 praedictum
964 1976 1178 2049 Cbristianis
1209 1974 1441 2077 subjugatum

365 2094 613 2168 reddiderunt.
642 2097 769 2167 Franri
788 2119 933 2195 qnoque
956 2096 991 2166 in
1017 2111 1132 2167 castra
1150 2110 1300 2169 uentum
1328 2100 1441 2199 eapite

364 2232 637 2313 peremptorum
658 2214 881 2299 retulerunt,
901 2210 946 2284 ad
966 2214 1252 2287 consolationem
1269 2240 1440 2304 suonam,

364 2345 401 2400 et
422 2329 465 2399 ad
488 2328 728 2402 ‹leleetionem
754 2328 995 2401 obsessorum.
1020 2330 1105 2401 ttaec
1128 2330 1250 2402 omnia
1272 2328 1441 2405 rideruut

367 2446 472 2545 legati
493 2446 727 2520 Admirabilis
740 2448 968 2545 Babyloniae,
988 2446 1049 2547 qni
1070 2464 1156 2521 tunc
1172 2450 1269 2521 forte
1284 2476 1306 2521 a
1326 2448 1443 2523 Babr-

367 2564 462 2635 lonia
482 2564 523 2635 ad
546 2592 606 2635 ens
623 2566 740 2650 missi,
761 2567 856 2664 juata
876 2590 936 2637 ens
960 2566 1031 2637 suis
1047 2564 1287 2638 morabantur
1303 2566 1342 2639 in
1362 2584 1441 2637 ten·

366 2682 468 2751 toriis
487 2684 501 2775 (
511 2684 556 2769 r).
574 2680 630 2751 llli
650 2698 789 2767 autern,
809 2681 871 2779 qui
891 2682 927 2752 in
942 2682 1065 2753 castris
1083 2700 1357 2767 remanserant,
1371 2700 1440 2755 tou

364 2794 423 2869 die
438 2798 473 2870 in
495 2797 740 2871 :lutinelrenos
759 2816 1027 2896 pugnaverant,
1043 2816 1078 2871 et
1097 2816 1168 2871 tres
1181 2818 1306 2899 portas
1322 2798 1439 2883 urbis,

367 2942 412 2987 ne
432 2918 526 2986 lura>
542 2935 795 3013 erumperent,
818 2916 1059 2989 irnlesineuter
1078 2936 1325 2992 serraverunt.
1347 2920 1442 2991 rm-

365 3030 454 3103 linm
470 3032 537 3105 bor
553 3036 686 3104 laetum
701 3050 749 3104 est
767 3033 843 3105 idus
856 3035 1050 3122 februarii,
1066 3037 1154 3109 seria
1169 3050 1226 3111 ιιι·
1239 3064 1326 3139 quae
1339 3056 1441 3137 caput

360 3150 485 3249 jejunii
504 3150 826 3247 annlraqesinralis
840 3152 1062 3251 praecedebat
1075 3158 1144 3251 (a).

416 3268 614 3341 Multitudo
628 3270 760 3341 ririuru
778 3275 791 3365 (
801 3271 880 3342 lieet
902 3273 936 3341 in
956 3274 1090 3369 praeliis
1105 3298 1249 3371 semper
1263 3274 1352 3345 rieti
1364 3274 1441 3343 lue·

368 3388 461 3472 rint,
481 3406 516 3459 et
535 3405 653 3461 murte
677 3390 731 3461 iel
754 3389 964 3462 vulneribus
979 3418 1040 3463 seu
1059 3388 1289 3490 captionibus
1306 3390 1442 3465 delere·

368 3506 462 3601 rint)
492 3523 588 3577 tanta
619 3524 693 3578 erat
723 3510 759 3579 in
789 3507 898 3597 urbe,
921 3526 959 3579 ut
978 3510 1090 3607 magis
1114 3510 1151 3581 in
1171 3511 1262 3583 inm
1280 3510 1440 3587 efferati.

365 3620 589 3693 Christianus
616 3621 800 3696 anleutius
820 3626 1056 3722 impeterent,
1076 3640 1113 3695 et
1130 3626 1355 3699 ineessanter
1372 3630 1442 3725 ἰμ

366 3756 478 3812 eastra
496 3740 773 3837 perturbarent,
789 3744 999 3843 frequenter
1017 3743 1216 3831 insilirent,
1230 3760 1344 3845 etque
1358 3744 1443 3847 qui·

430 3902 433 3907 .
470 3900 804 3913 -ffl-—.--.-...
821 3904 893 3911 .-.-.
937 3906 1173 3917 -..-.-..-....

405 3970 424 4015 'i
456 3966 505 4018 Les
518 3965 726 4019 aarlnssadrurs
742 3966 964 4024 ‹tutantia-sen
986 3972 1108 4035 blustalr,
1127 3972 1243 4027 satietate
1257 3972 1353 4029 tulta
1368 3972 1438 4029 Fau·

367 4068 435 4107 nure
448 4054 529 4125 (ΓΙ-,μ
538 4068 583 4129 ptr·
595 4058 705 4129 (πυρί-ι
716 4078 723 4111 ι
740 4058 887 4113 dreanrlnr
905 4066 991 4129 rtur).

401 4156 441 4205 tat
455 4148 528 4201 laser
544 4172 549 4181 ·
566 4160 606 4201 rr·
619 4150 832 4219 eilrat-returnavit
862 4152 886 4207 le
900 4152 989 4208 mardi
1001 4172 1020 4225 9
1032 4156 1141 4211 lrnaer.
1159 4152 1239 4207 seille
1251 4152 1292 4209 de
1306 4152 1439 4211 md·

366 4240 413 4291 des
427 4244 437 4287 l
443 4240 551 4293 :rantra-r
