3046 5244
63 437 173 519 [imi]
437 431 764 499 trnsnocravns.
1077 435 1138 499 ns

61 569 225 644 Tandem
235 567 417 668 Philippo,
434 570 508 668 regi
523 568 761 656 Francorum,
778 592 842 641 noc
856 566 966 642 libras
978 570 1136 670 pepigit,

59 704 96 760 et
107 685 307 775 liudberto,
320 685 402 757 duci
417 684 729 774 Normannorum,
743 684 893 785 aliisque
904 683 1070 783 pluribus
1084 688 1139 760 in·

61 820 208 904 gentem
225 802 414 902 pecuniam
432 802 618 900 promisit,
637 802 664 875 si
683 799 838 875 lideliter
854 798 922 873 sibi
939 800 1139 877 adminicu-

62 923 241 1010 larentur,
262 937 298 992 et
317 919 464 993 hostiles
479 920 594 1019 copiae
611 918 878 1018 subigerentur.

110 1040 240 1138 lgitur,
254 1035 558 1137 Quadragesimali
575 1052 739 1135 tempore
758 1038 826 1134 (t),
847 1062 913 1110 rex
925 1037 1086 1111 Fraticioe
1100 1040 1172 1112 ον’

59 1160 133 1230 dux
165 1156 400 1230 Normanniae
426 1153 702 1228 Brehervallum
733 1152 977 1243 obsederunt,
1014 1155 1138 1257 ibique

58 1275 135 1347 lere
155 1271 297 1346 duobus
319 1271 503 1344 mensibus
523 1270 797 1345 laboraverunt.
821 1271 913 1344 llluc
936 1270 1136 1370 presbyteri

60 1418 143 1465 cum
162 1389 390 1490 parochianis
405 1390 476 1461 suis
488 1388 619 1462 vexilla
636 1387 819 1477 tulerunt,
837 1403 874 1461 et
889 1386 1036 1461 abbates
1052 1416 1137 1463 cum

62 1508 269 1583 hominibus
281 1509 352 1581 suis
363 1508 760 1602 coacticonvenerunt(
786 1508 817 1605 ).
830 1504 1137 1581 lllucllodbertus

59 1628 293 1700 belesmensis
311 1627 636 1726 ingeniosissimum
653 1623 830 1699 artificem
846 1623 1015 1713 adduxit,
1037 1628 1163 1725 cujus·t

60 1746 243 1844 ingeniosa
264 1746 433 1844 sagacitas
451 1743 494 1815 ad
513 1743 724 1843 capiendam
741 1744 941 1817 Jerusalem
967 1743 1137 1817 Christia-

61 1864 117 1935 nis
134 1863 299 1959 profecit.
322 1863 389 1934 llic
412 1860 594 1935 machinas
616 1863 837 1950 construxit,
861 1879 987 1935 contra
1008 1865 1136 1935 muni-

58 1996 223 2052 mentum
249 1979 379 2053 hostile
403 2006 511 2077 super
535 1980 671 2053 rotulas
695 1981 787 2079 egit,
813 1981 974 2079 ingentia
994 2007 1076 2052 saxa
1098 1983 1135 2053 in

57 2095 234 2196 oppidum
266 2114 302 2169 et
332 2096 531 2196 oppidanos
561 2098 735 2196 projecit,
764 2095 959 2169 bellatores
985 2097 1136 2169 assultus

56 2213 144 2287 dare
165 2213 306 2301 docuit,
329 2214 459 2315 quibus
476 2214 611 2287 vallum
634 2231 790 2319 etsepes
810 2203 1135 2313 circumcingentes

56 2329 191 2416 diruit,
212 2348 248 2403 et
266 2331 424 2402 eulmina
443 2330 636 2404 domorum
655 2356 764 2430 super
782 2329 1024 2404 inhabitantes
1039 2331 1134 2431 deje-

57 2447 127 2535 cit,
146 2449 324 2548 tantisque
338 2447 602 2521 calamitatibus
618 2447 840 2521 adversarios
857 2448 902 2520 ad
914 2448 1134 2522 deditionem

57 2566 189 2664 coegit.
213 2564 321 2637 l'etus
337 2565 462 2637 odium
480 2567 575 2637 inter
592 2564 820 2639 Rodbertum
838 2581 876 2639 et
890 2566 1060 2639 Goellum
1072 2565 1134 2639 diu

59 2706 128 2781 pro
141 2684 298 2782 antiquis
312 2681 470 2754 reatibus
489 2681 706 2771 inoleverat,
728 2682 894 2782 idemque
909 2682 1133 2773 Radbertus,

57 2814 101 2870 ut
120 2814 262 2897 tempus
283 2798 430 2871 ultionis
450 2815 698 2897 opportunum
721 2797 880 2887 viderat,
899 2798 1134 2873 Guillelmum

59 2913 319 2988 Bretoliensem
334 2915 487 2989 cotisilin
500 2932 537 2987 et
547 2916 698 3005 auxilio,
716 2916 795 3014 plns
812 2943 921 3016 qnam
935 2941 1060 2989 omnes
1073 2915 1133 2987 alii

58 3058 162 3129 pares
175 3035 244 3121 sui,
260 3032 459 3130 adjuverat.
472 3034 619 3106 Goellus
634 3050 752 3105 autern
763 3032 900 3132 probus
917 3050 953 3106 et
964 3032 1131 3119 callidus,

56 3166 93 3222 et
127 3151 252 3249 praedn
282 3153 483 3250 malignus,
517 3151 819 3251 ecclesiarumque
853 3151 1009 3224 violator
1039 3169 1130 3224 erat.

58 3266 208 3340 Nobiles
221 3286 256 3341 et
272 3270 451 3341 animosos
468 3286 635 3366 parentes
652 3267 805 3341 habebat
815 3322 824 3353 ,
844 3296 1000 3368 quornm
1018 3268 1130 3342 adrni-

58 3384 188 3455 niculis
212 3384 485 3456 Brehcrsallum
516 3386 550 3455 in
577 3383 714 3455 deserta
742 3401 778 3455 et
804 3385 957 3456 silvestri
986 3384 1133 3483 regione

57 3519 215 3574 castrum
246 3503 471 3589 lirrnarerat,
505 3519 540 3574 et
571 3504 869 3601 magnanimitate
897 3501 1133 3603 subsidiisque

60 3635 154 3691 tanta
170 3622 381 3719 praeliorum
394 3620 553 3719 pondera
564 3636 710 3693 strenue
722 3620 935 3719 pertulerat.
953 3622 1131 3721 Denique,

60 3750 99 3804 ut
116 3751 189 3808 tam
207 3763 356 3836 magnos
375 3738 554 3835 principes
571 3753 607 3810 et
623 3738 805 3810 animosos
818 3736 885 3808 sibi
903 3762 1133 3838 summopere

63 3934 222 3946 κῇ.
238 3940 313 3947 -.-—.
324 3940 618 3948 ..—-—-..--......
661 3940 734 3948 ..n-.-
744 3940 777 3947 -—
789 3940 818 3947 --.
842 3939 1020 3949 οο--ο-ι-
1037 3938 1124 3947 ο...-

93 4062 131 4128 (r)
146 4060 273 4115 Pendant
289 4060 314 4115 le
329 4062 438 4115 carime
452 4062 487 4115 dc
507 4066 583 4135 ¹⁰94·

93 4148 132 4218 (a)
145 4151 198 4202 (les
216 4149 316 4205 details
331 4154 491 4222 presentent
505 4163 568 4205 tous
583 4151 622 4205 les
636 4150 789 4203 caracteres
805 4148 889 4205 d'une
907 4148 981 4203 leret
995 4167 1030 4201 en
1047 4163 1133 4200 masse

65 4244 216 4309 ergaursde.
