<?xml version="1.0" encoding="UTF-8"?>
<!DOCTYPE html PUBLIC "-//W3C//DTD XHTML 1.0 Transitional//EN"
    "http://www.w3.org/TR/xhtml1/DTD/xhtml1-transitional.dtd">
<html xmlns="http://www.w3.org/1999/xhtml" xml:lang="en" lang="en">
 <head>
  <title>
</title>
<meta http-equiv="Content-Type" content="text/html;charset=utf-8" />
  <meta name='ocr-system' content='tesseract 3.04.00' />
  <meta name='ocr-capabilities' content='ocr_page ocr_carea ocr_par ocr_line ocrx_word'/>
</head>
<body>
  <div class='ocr_page' id='page_1' title='image "./ordericivitalis00deligoog/ordericivitalis00deligoog_0595.png"; bbox 0 0 3016 5242; ppageno 0'>
   <div class='ocr_carea' id='block_1_1' title="bbox 226 433 1293 515">
    <p class='ocr_par' dir='ltr' id='par_1_1' title="bbox 226 433 1293 515">
     <span class='ocr_line' id='line_1_1' title="bbox 226 433 1293 515; baseline -0.005 -12"><span class='ocrx_word' id='word_1_1' title='bbox 226 446 287 503; x_wconf 77' lang='lat' dir='ltr'><strong>aso</strong></span> <span class='ocrx_word' id='word_1_2' title='bbox 486 437 669 498; x_wconf 80' lang='lat' dir='ltr'><strong>nrsrnnn</strong></span> <span class='ocrx_word' id='word_1_3' title='bbox 691 433 997 496; x_wconf 77' lang='lat' dir='ltr'><strong>uccrrsnsncs.</strong></span> <span class='ocrx_word' id='word_1_4' title='bbox 1022 436 1189 512; x_wconf 63' lang='lat' dir='ltr'><strong>[sunum</strong></span> <span class='ocrx_word' id='word_1_5' title='bbox 1204 434 1293 515; x_wconf 83' lang='lat' dir='ltr'><strong>ross]</strong></span> 
     </span>
    </p>
   </div>
   <div class='ocr_carea' id='block_1_2' title="bbox 217 544 1295 2303">
    <p class='ocr_par' dir='ltr' id='par_1_2' title="bbox 217 544 1295 2303">
     <span class='ocr_line' id='line_1_2' title="bbox 224 544 1295 672; baseline -0.006 -27"><span class='ocrx_word' id='word_1_6' title='bbox 224 570 401 672; x_wconf 86' lang='lat' dir='ltr'>lapidibus</span> <span class='ocrx_word' id='word_1_7' title='bbox 421 571 569 671; x_wconf 89' lang='lat' dir='ltr'><strong>aliisque</strong></span> <span class='ocrx_word' id='word_1_8' title='bbox 597 569 674 642; x_wconf 89' lang='lat' dir='ltr'><strong>telis</strong></span> <span class='ocrx_word' id='word_1_9' title='bbox 693 571 787 643; x_wconf 89' lang='lat' dir='ltr'><strong>cives</strong></span> <span class='ocrx_word' id='word_1_10' title='bbox 805 544 991 641; x_wconf 70' lang='lat' dir='ltr'><strong>desumni</strong></span> <span class='ocrx_word' id='word_1_11' title='bbox 1017 564 1244 667; x_wconf 82' lang='lat' dir='ltr'><strong>gravabant,</strong></span> <span class='ocrx_word' id='word_1_12' title='bbox 1261 582 1295 639; x_wconf 89' lang='lat' dir='ltr'><strong>et</strong></span> 
     </span>
     <span class='ocr_line' id='line_1_3' title="bbox 223 681 1293 787; baseline -0.003 -27"><span class='ocrx_word' id='word_1_13' title='bbox 223 713 406 787; x_wconf 91' lang='lat' dir='ltr'><strong>percussos</strong></span> <span class='ocrx_word' id='word_1_14' title='bbox 431 688 468 758; x_wconf 92' lang='lat' dir='ltr'><strong>in</strong></span> <span class='ocrx_word' id='word_1_15' title='bbox 499 684 674 758; x_wconf 84' lang='lat' dir='ltr'>ancilibus</span> <span class='ocrx_word' id='word_1_16' title='bbox 702 686 757 759; x_wconf 88' lang='lat' dir='ltr'><strong>vel</strong></span> <span class='ocrx_word' id='word_1_17' title='bbox 790 684 918 783; x_wconf 87' lang='lat' dir='ltr'><strong>galeis,</strong></span> <span class='ocrx_word' id='word_1_18' title='bbox 945 684 1003 756; x_wconf 89' lang='lat' dir='ltr'><strong>vel</strong></span> <span class='ocrx_word' id='word_1_19' title='bbox 1030 684 1066 755; x_wconf 92' lang='lat' dir='ltr'><strong>in</strong></span> <span class='ocrx_word' id='word_1_20' title='bbox 1096 681 1293 781; x_wconf 75' lang='lat' dir='ltr'>capitibus,</span> 
     </span>
     <span class='ocr_line' id='line_1_4' title="bbox 221 800 1295 904; baseline -0.003 -26"><span class='ocrx_word' id='word_1_21' title='bbox 221 806 323 880; x_wconf 88' lang='lat' dir='ltr'><strong>sacile</strong></span> <span class='ocrx_word' id='word_1_22' title='bbox 347 804 576 904; x_wconf 82' lang='lat' dir='ltr'>perimebant</span> <span class='ocrx_word' id='word_1_23' title='bbox 592 805 659 902; x_wconf 87' lang='lat'><strong>(1).</strong></span> <span class='ocrx_word' id='word_1_24' title='bbox 689 802 761 875; x_wconf 83' lang='lat' dir='ltr'><strong>Alii</strong></span> <span class='ocrx_word' id='word_1_25' title='bbox 790 802 878 875; x_wconf 89' lang='lat' dir='ltr'><strong>alios</strong></span> <span class='ocrx_word' id='word_1_26' title='bbox 902 800 1027 875; x_wconf 74' lang='lat' dir='ltr'><strong>ferreis</strong></span> <span class='ocrx_word' id='word_1_27' title='bbox 1054 802 1205 875; x_wconf 83' lang='lat' dir='ltr'><strong>uncinis</strong></span> <span class='ocrx_word' id='word_1_28' title='bbox 1224 801 1295 875; x_wconf 87' lang='lat' dir='ltr'><strong>sine</strong></span> 
     </span>
     <span class='ocr_line' id='line_1_5' title="bbox 222 918 1295 1021; baseline -0.003 -27"><span class='ocrx_word' id='word_1_29' title='bbox 222 924 486 997; x_wconf 83' lang='lat' dir='ltr'><strong>intermissione</strong></span> <span class='ocrx_word' id='word_1_30' title='bbox 497 921 724 994; x_wconf 75' lang='lat' dir='ltr'><strong>infestabant.</strong></span> <span class='ocrx_word' id='word_1_31' title='bbox 737 922 848 994; x_wconf 85' lang='lat' dir='ltr'><strong>Turci</strong></span> <span class='ocrx_word' id='word_1_32' title='bbox 862 919 907 994; x_wconf 88' lang='lat' dir='ltr'><strong>de</strong></span> <span class='ocrx_word' id='word_1_33' title='bbox 917 918 1295 1021; x_wconf 84' lang='lat' dir='ltr'><strong>turribussatagebaut</strong></span> 
     </span>
     <span class='ocr_line' id='line_1_6' title="bbox 219 1034 1294 1136; baseline 0.001 -28"><span class='ocrx_word' id='word_1_34' title='bbox 219 1037 440 1111; x_wconf 82' lang='lat' dir='ltr'><strong>Christianos</strong></span> <span class='ocrx_word' id='word_1_35' title='bbox 478 1037 614 1136; x_wconf 80' lang='lat' dir='ltr'><strong>sagittis</strong></span> <span class='ocrx_word' id='word_1_36' title='bbox 639 1053 675 1109; x_wconf 88' lang='lat' dir='ltr'><strong>et</strong></span> <span class='ocrx_word' id='word_1_37' title='bbox 703 1034 879 1135; x_wconf 86' lang='lat' dir='ltr'><strong>lapidibus</strong></span> <span class='ocrx_word' id='word_1_38' title='bbox 907 1035 1136 1134; x_wconf 84' lang='lat' dir='ltr'><strong>impugnare.</strong></span> <span class='ocrx_word' id='word_1_39' title='bbox 1173 1037 1294 1135; x_wconf 85' lang='lat' dir='ltr'><strong>lgnem</strong></span> 
     </span>
     <span class='ocr_line' id='line_1_7' title="bbox 218 1150 1293 1255; baseline -0.002 -28"><span class='ocrx_word' id='word_1_40' title='bbox 218 1181 381 1255; x_wconf 87' lang='lat' dir='ltr'><strong>quoquc,</strong></span> <span class='ocrx_word' id='word_1_41' title='bbox 402 1181 511 1253; x_wconf 90' lang='lat' dir='ltr'><strong>quem</strong></span> <span class='ocrx_word' id='word_1_42' title='bbox 528 1153 698 1226; x_wconf 75' lang='lat' dir='ltr'><strong>Graecum</strong></span> <span class='ocrx_word' id='word_1_43' title='bbox 714 1169 862 1242; x_wconf 86' lang='lat' dir='ltr'><strong>vocant,</strong></span> <span class='ocrx_word' id='word_1_44' title='bbox 881 1153 917 1225; x_wconf 92' lang='lat' dir='ltr'><strong>in</strong></span> <span class='ocrx_word' id='word_1_45' title='bbox 934 1150 1145 1226; x_wconf 88' lang='lat' dir='ltr'><strong>machinam</strong></span> <span class='ocrx_word' id='word_1_46' title='bbox 1158 1155 1293 1253; x_wconf 85' lang='lat' dir='ltr'><strong>jacere,</strong></span> 
     </span>
     <span class='ocr_line' id='line_1_8' title="bbox 219 1269 1293 1355; baseline -0.003 -10"><span class='ocrx_word' id='word_1_47' title='bbox 219 1289 254 1345; x_wconf 88' lang='lat' dir='ltr'><strong>et</strong></span> <span class='ocrx_word' id='word_1_48' title='bbox 296 1271 388 1345; x_wconf 89' lang='lat' dir='ltr'><strong>nihil</strong></span> <span class='ocrx_word' id='word_1_49' title='bbox 428 1273 583 1355; x_wconf 83' lang='lat' dir='ltr'><strong>otiosum</strong></span> <span class='ocrx_word' id='word_1_50' title='bbox 630 1270 832 1344; x_wconf 86' lang='lat' dir='ltr'><strong>admittere.</strong></span> <span class='ocrx_word' id='word_1_51' title='bbox 871 1269 1065 1342; x_wconf 80' lang='lat' dir='ltr'><strong>Christiani</strong></span> <span class='ocrx_word' id='word_1_52' title='bbox 1109 1288 1293 1344; x_wconf 76' lang='lat' dir='ltr'><strong>econtra</strong></span> 
     </span>
     <span class='ocr_line' id='line_1_9' title="bbox 218 1387 1291 1489; baseline 0.002 -30"><span class='ocrx_word' id='word_1_53' title='bbox 218 1389 337 1463; x_wconf 88' lang='lat' dir='ltr'><strong>oleum</strong></span> <span class='ocrx_word' id='word_1_54' title='bbox 366 1390 440 1486; x_wconf 83' lang='lat' dir='ltr'><strong>(a),</strong></span> <span class='ocrx_word' id='word_1_55' title='bbox 460 1387 557 1487; x_wconf 90' lang='lat' dir='ltr'><strong>quod</strong></span> <span class='ocrx_word' id='word_1_56' title='bbox 582 1390 736 1460; x_wconf 85' lang='lat' dir='ltr'><strong>maxime</strong></span> <span class='ocrx_word' id='word_1_57' title='bbox 761 1390 882 1487; x_wconf 90' lang='lat' dir='ltr'><strong>ignem</strong></span> <span class='ocrx_word' id='word_1_58' title='bbox 905 1388 1077 1461; x_wconf 88' lang='lat' dir='ltr'><strong>Graecum</strong></span> <span class='ocrx_word' id='word_1_59' title='bbox 1094 1390 1291 1489; x_wconf 78' lang='lat' dir='ltr'><strong>extinguit,</strong></span> 
     </span>
     <span class='ocr_line' id='line_1_10' title="bbox 218 1502 1289 1604; baseline 0.001 -28"><span class='ocrx_word' id='word_1_60' title='bbox 218 1502 421 1591; x_wconf 85' lang='lat' dir='ltr'><strong>effundere,</strong></span> <span class='ocrx_word' id='word_1_61' title='bbox 457 1529 642 1577; x_wconf 89' lang='lat' dir='ltr'><strong>ascensum</strong></span> <span class='ocrx_word' id='word_1_62' title='bbox 670 1520 830 1593; x_wconf 84' lang='lat' dir='ltr'><strong>tentare,</strong></span> <span class='ocrx_word' id='word_1_63' title='bbox 859 1502 1059 1604; x_wconf 83' lang='lat' dir='ltr'><strong>pedemque</strong></span> <span class='ocrx_word' id='word_1_64' title='bbox 1090 1504 1289 1592; x_wconf 82' lang='lat' dir='ltr'><strong>retrahere,</strong></span> 
     </span>
     <span class='ocr_line' id='line_1_11' title="bbox 217 1618 1291 1720; baseline 0.001 -28"><span class='ocrx_word' id='word_1_65' title='bbox 217 1645 347 1720; x_wconf 88' lang='lat' dir='ltr'><strong>eosque</strong></span> <span class='ocrx_word' id='word_1_66' title='bbox 373 1621 435 1719; x_wconf 90' lang='lat' dir='ltr'><strong>qui</strong></span> <span class='ocrx_word' id='word_1_67' title='bbox 466 1621 578 1692; x_wconf 91' lang='lat' dir='ltr'><strong>muris</strong></span> <span class='ocrx_word' id='word_1_68' title='bbox 608 1637 844 1718; x_wconf 87' lang='lat' dir='ltr'><strong>supererant,</strong></span> <span class='ocrx_word' id='word_1_69' title='bbox 869 1618 1088 1710; x_wconf 70' lang='lat' dir='ltr'><strong>formidare,</strong></span> <span class='ocrx_word' id='word_1_70' title='bbox 1121 1621 1162 1693; x_wconf 92' lang='lat' dir='ltr'><strong>in</strong></span> <span class='ocrx_word' id='word_1_71' title='bbox 1198 1622 1291 1694; x_wconf 91' lang='lat' dir='ltr'><strong>nullo</strong></span> 
     </span>
     <span class='ocr_line' id='line_1_12' title="bbox 219 1733 1290 1838; baseline 0.004 -31"><span class='ocrx_word' id='word_1_72' title='bbox 219 1753 339 1808; x_wconf 86' lang='lat' dir='ltr'><strong>tamen</strong></span> <span class='ocrx_word' id='word_1_73' title='bbox 353 1733 518 1809; x_wconf 86' lang='lat' dir='ltr'><strong>deficere.</strong></span> <span class='ocrx_word' id='word_1_74' title='bbox 538 1737 596 1808; x_wconf 89' lang='lat' dir='ltr'><strong>Sic</strong></span> <span class='ocrx_word' id='word_1_75' title='bbox 614 1737 784 1835; x_wconf 78' lang='lat' dir='ltr'><strong>praelium</strong></span> <span class='ocrx_word' id='word_1_76' title='bbox 801 1736 890 1812; x_wconf 89' lang='lat' dir='ltr'><strong>illud</strong></span> <span class='ocrx_word' id='word_1_77' title='bbox 909 1735 953 1808; x_wconf 91' lang='lat' dir='ltr'><strong>ad</strong></span> <span class='ocrx_word' id='word_1_78' title='bbox 969 1760 1169 1835; x_wconf 87' lang='lat' dir='ltr'><strong>vesperum</strong></span> <span class='ocrx_word' id='word_1_79' title='bbox 1190 1762 1290 1838; x_wconf 80' lang='lat' dir='ltr'><strong>usqm</strong></span> 
     </span>
     <span class='ocr_line' id='line_1_13' title="bbox 219 1853 1289 1955; baseline 0.003 -30"><span class='ocrx_word' id='word_1_80' title='bbox 219 1853 437 1951; x_wconf 91' lang='lat' dir='ltr'><strong>protelatum</strong></span> <span class='ocrx_word' id='word_1_81' title='bbox 452 1869 518 1925; x_wconf 87' lang='lat' dir='ltr'><strong>est.</strong></span> <span class='ocrx_word' id='word_1_82' title='bbox 539 1854 698 1926; x_wconf 86' lang='lat' dir='ltr'><strong>Tantum</strong></span> <span class='ocrx_word' id='word_1_83' title='bbox 712 1869 791 1926; x_wconf 89' lang='lat' dir='ltr'><strong>erat</strong></span> <span class='ocrx_word' id='word_1_84' title='bbox 808 1853 991 1953; x_wconf 70' lang='lat' dir='ltr'><strong>infatigata</strong></span> <span class='ocrx_word' id='word_1_85' title='bbox 1012 1854 1134 1927; x_wconf 88' lang='lat' dir='ltr'><strong>virtus</strong></span> <span class='ocrx_word' id='word_1_86' title='bbox 1158 1854 1289 1955; x_wconf 75' lang='lat' dir='ltr'><strong>Agere·</strong></span> 
     </span>
     <span class='ocr_line' id='line_1_14' title="bbox 220 1967 1289 2057; baseline 0.003 -15"><span class='ocrx_word' id='word_1_87' title='bbox 220 1995 374 2057; x_wconf 90' lang='lat' dir='ltr'><strong>norum,</strong></span> <span class='ocrx_word' id='word_1_88' title='bbox 396 1985 434 2041; x_wconf 89' lang='lat' dir='ltr'><strong>ut</strong></span> <span class='ocrx_word' id='word_1_89' title='bbox 459 1967 627 2042; x_wconf 86' lang='lat' dir='ltr'><strong>audacter</strong></span> <span class='ocrx_word' id='word_1_90' title='bbox 646 1970 853 2043; x_wconf 77' lang='lat' dir='ltr'><strong>refellerent</strong></span> <span class='ocrx_word' id='word_1_91' title='bbox 875 1970 1048 2042; x_wconf 87' lang='lat' dir='ltr'><strong>versutias</strong></span> <span class='ocrx_word' id='word_1_92' title='bbox 1070 1968 1289 2045; x_wconf 89' lang='lat' dir='ltr'><strong>Christiano·</strong></span> 
     </span>
     <span class='ocr_line' id='line_1_15' title="bbox 220 2083 1286 2187; baseline 0.004 -28"><span class='ocrx_word' id='word_1_93' title='bbox 220 2114 316 2159; x_wconf 89' lang='lat' dir='ltr'><strong>rum.</strong></span> <span class='ocrx_word' id='word_1_94' title='bbox 331 2087 494 2187; x_wconf 88' lang='lat' dir='ltr'><strong>Denique</strong></span> <span class='ocrx_word' id='word_1_95' title='bbox 507 2088 773 2160; x_wconf 88' lang='lat' dir='ltr'><strong>Lemovicensis</strong></span> <span class='ocrx_word' id='word_1_96' title='bbox 783 2086 962 2159; x_wconf 83' lang='lat' dir='ltr'><strong>Gulserius</strong></span> <span class='ocrx_word' id='word_1_97' title='bbox 971 2083 1017 2160; x_wconf 87' lang='lat' dir='ltr'><strong>de</strong></span> <span class='ocrx_word' id='word_1_98' title='bbox 1027 2087 1218 2161; x_wconf 83' lang='lat' dir='ltr'><strong>Turribus</strong></span> <span class='ocrx_word' id='word_1_99' title='bbox 1229 2092 1286 2187; x_wconf 78' lang='lat' dir='ltr'><strong>(t),</strong></span> 
     </span>
     <span class='ocr_line' id='line_1_16' title="bbox 220 2202 1287 2303; baseline 0.001 -27"><span class='ocrx_word' id='word_1_100' title='bbox 220 2205 278 2276; x_wconf 86' lang='lat' dir='ltr'><strong>vir</strong></span> <span class='ocrx_word' id='word_1_101' title='bbox 294 2205 355 2276; x_wconf 90' lang='lat' dir='ltr'><strong>alti</strong></span> <span class='ocrx_word' id='word_1_102' title='bbox 370 2205 554 2302; x_wconf 79' lang='lat' dir='ltr'><strong>sanguinis</strong></span> <span class='ocrx_word' id='word_1_103' title='bbox 571 2221 608 2276; x_wconf 88' lang='lat' dir='ltr'><strong>et</strong></span> <span class='ocrx_word' id='word_1_104' title='bbox 623 2202 779 2276; x_wconf 82' lang='lat' dir='ltr'><strong>audaciae</strong></span> <span class='ocrx_word' id='word_1_105' title='bbox 792 2202 990 2292; x_wconf 87' lang='lat' dir='ltr'><strong>mirabilis,</strong></span> <span class='ocrx_word' id='word_1_106' title='bbox 1007 2204 1156 2303; x_wconf 86' lang='lat' dir='ltr'><strong>primus</strong></span> <span class='ocrx_word' id='word_1_107' title='bbox 1172 2206 1287 2281; x_wconf 73' lang='lat' dir='ltr'><strong>sentam</strong></span> 
     </span>
    </p>
   </div>
   <div class='ocr_carea' id='block_1_3' title="bbox 222 2428 1293 3489">
    <p class='ocr_par' dir='ltr' id='par_1_3' title="bbox 222 2428 1290 3124">
     <span class='ocr_line' id='line_1_17' title="bbox 256 2428 1288 2501; baseline -0.001 -19"><span class='ocrx_word' id='word_1_108' title='bbox 256 2430 295 2500; x_wconf 87' lang='grc' dir='ltr'><strong>(ι)</strong></span> <span class='ocrx_word' id='word_1_109' title='bbox 312 2428 348 2482; x_wconf 88' lang='lat' dir='ltr'><strong>La</strong></span> <span class='ocrx_word' id='word_1_110' title='bbox 368 2428 538 2501; x_wconf 82' lang='lat' dir='ltr'><strong>description</strong></span> <span class='ocrx_word' id='word_1_111' title='bbox 557 2428 592 2483; x_wconf 86' lang='lat' dir='ltr'><strong>de</strong></span> <span class='ocrx_word' id='word_1_112' title='bbox 608 2439 653 2483; x_wconf 88' lang='lat' dir='ltr'><strong>cet</strong></span> <span class='ocrx_word' id='word_1_113' title='bbox 672 2440 763 2484; x_wconf 84' lang='lat' dir='ltr'><strong>assant</strong></span> <span class='ocrx_word' id='word_1_114' title='bbox 778 2440 820 2483; x_wconf 91' lang='lat' dir='ltr'><strong>est</strong></span> <span class='ocrx_word' id='word_1_115' title='bbox 836 2430 893 2483; x_wconf 74' lang='lat' dir='ltr'><strong>tres</strong></span> <span class='ocrx_word' id='word_1_116' title='bbox 904 2428 1034 2485; x_wconf 83' lang='lat' dir='ltr'><strong>curiense</strong></span> <span class='ocrx_word' id='word_1_117' title='bbox 1051 2428 1127 2485; x_wconf 79' lang='lat' dir='ltr'><strong>daus</strong></span> <span class='ocrx_word' id='word_1_118' title='bbox 1142 2429 1172 2487; x_wconf 91' lang='lat' dir='ltr'><strong>le</strong></span> <span class='ocrx_word' id='word_1_119' title='bbox 1186 2428 1288 2487; x_wconf 70' lang='lat' dir='ltr'><strong>recitrlr</strong></span> 
     </span>
     <span class='ocr_line' id='line_1_18' title="bbox 222 2515 1287 2575; baseline -0.001 -2"><span class='ocrx_word' id='word_1_120' title='bbox 222 2518 319 2573; x_wconf 87' lang='lat' dir='ltr'><strong>Pierre</strong></span> <span class='ocrx_word' id='word_1_121' title='bbox 337 2516 503 2572; x_wconf 90' lang='lat' dir='ltr'><strong>Tudebode.</strong></span> <span class='ocrx_word' id='word_1_122' title='bbox 522 2517 600 2571; x_wconf 80' lang='lat' dir='ltr'><strong>Nous</strong></span> <span class='ocrx_word' id='word_1_123' title='bbox 618 2534 689 2570; x_wconf 85' lang='lat' dir='ltr'><strong>nous</strong></span> <span class='ocrx_word' id='word_1_124' title='bbox 706 2526 903 2572; x_wconf 87' lang='lat' dir='ltr'><strong>contenterons</strong></span> <span class='ocrx_word' id='word_1_125' title='bbox 918 2515 983 2572; x_wconf 87' lang='lat' dir='ltr'><strong>d’eu</strong></span> <span class='ocrx_word' id='word_1_126' title='bbox 999 2518 1075 2573; x_wconf 87' lang='lat' dir='ltr'><strong>citer</strong></span> <span class='ocrx_word' id='word_1_127' title='bbox 1092 2537 1135 2574; x_wconf 86' lang='lat' dir='ltr'><strong>un</strong></span> <span class='ocrx_word' id='word_1_128' title='bbox 1151 2520 1220 2575; x_wconf 81' lang='lat' dir='ltr'><strong>tnit</strong></span> <span class='ocrx_word' id='word_1_129' title='bbox 1233 2544 1239 2573; x_wconf 89' lang='lat'>:</span> <span class='ocrx_word' id='word_1_130' title='bbox 1252 2518 1287 2574; x_wconf 80' lang='lat' dir='ltr'><strong>lte</strong></span> 
     </span>
     <span class='ocr_line' id='line_1_19' title="bbox 223 2605 1289 2683; baseline 0.004 -23"><span class='ocrx_word' id='word_1_131' title='bbox 223 2625 331 2678; x_wconf 81' lang='lat' dir='ltr'><strong>quoquc</strong></span> <span class='ocrx_word' id='word_1_132' title='bbox 352 2606 546 2675; x_wconf 80' lang='lat' dir='ltr'><strong>percutiebant</strong></span> <span class='ocrx_word' id='word_1_133' title='bbox 566 2625 613 2659; x_wconf 85' lang='lat' dir='ltr'><strong>ens</strong></span> <span class='ocrx_word' id='word_1_134' title='bbox 634 2626 720 2677; x_wconf 85' lang='lat' dir='ltr'><strong>super</strong></span> <span class='ocrx_word' id='word_1_135' title='bbox 737 2608 864 2679; x_wconf 83' lang='lat' dir='ltr'><strong>clypeus,</strong></span> <span class='ocrx_word' id='word_1_136' title='bbox 886 2605 963 2679; x_wconf 80' lang='lat' dir='ltr'><strong>quod</strong></span> <span class='ocrx_word' id='word_1_137' title='bbox 978 2607 1103 2680; x_wconf 76' lang='lat' dir='ltr'><strong>clypeus</strong></span> <span class='ocrx_word' id='word_1_138' title='bbox 1124 2619 1156 2663; x_wconf 82' lang='lat' dir='ltr'><strong>et</strong></span> <span class='ocrx_word' id='word_1_139' title='bbox 1174 2626 1289 2683; x_wconf 68' lang='lat' dir='ltr'><strong>munus</strong></span> 
     </span>
     <span class='ocr_line' id='line_1_20' title="bbox 223 2693 1288 2771; baseline 0.006 -23"><span class='ocrx_word' id='word_1_140' title='bbox 223 2694 357 2748; x_wconf 73' lang='lat' dir='ltr'><strong>euclcreul</strong></span> <span class='ocrx_word' id='word_1_141' title='bbox 371 2693 502 2748; x_wconf 83' lang='lat' dir='ltr'><strong>deorsum</strong></span> <span class='ocrx_word' id='word_1_142' title='bbox 519 2698 673 2748; x_wconf 73' lang='lat' dir='ltr'><strong>incivitate</strong></span> <span class='ocrx_word' id='word_1_143' title='bbox 690 2699 800 2749; x_wconf 78' lang='lat' dir='ltr'><strong>morbu.</strong></span> <span class='ocrx_word' id='word_1_144' title='bbox 820 2697 869 2750; x_wconf 78' lang='lat' dir='ltr'><strong>Lea</strong></span> <span class='ocrx_word' id='word_1_145' title='bbox 886 2695 1037 2750; x_wconf 65' lang='lat' dir='ltr'><strong>historiens</strong></span> <span class='ocrx_word' id='word_1_146' title='bbox 1057 2695 1222 2753; x_wconf 68' lang='lat' dir='ltr'><strong>Orientem</strong></span> <span class='ocrx_word' id='word_1_147' title='bbox 1237 2700 1288 2771; x_wconf 65' lang='grc' dir='ltr'><strong>μ’·</strong></span> 
     </span>
     <span class='ocr_line' id='line_1_21' title="bbox 223 2784 1289 2859; baseline 0 -18"><span class='ocrx_word' id='word_1_148' title='bbox 223 2785 340 2841; x_wconf 85' lang='lat' dir='ltr'><strong>tendent</strong></span> <span class='ocrx_word' id='word_1_149' title='bbox 352 2803 407 2858; x_wconf 88' lang='lat' dir='ltr'><strong>quc</strong></span> <span class='ocrx_word' id='word_1_150' title='bbox 421 2785 445 2838; x_wconf 90' lang='lat' dir='ltr'><strong>le</strong></span> <span class='ocrx_word' id='word_1_151' title='bbox 457 2795 548 2839; x_wconf 87' lang='lat' dir='ltr'><strong>comte</strong></span> <span class='ocrx_word' id='word_1_152' title='bbox 560 2784 595 2838; x_wconf 89' lang='lat' dir='ltr'><strong>de</strong></span> <span class='ocrx_word' id='word_1_153' title='bbox 609 2785 749 2839; x_wconf 85' lang='lat' dir='ltr'><strong>Toulouse</strong></span> <span class='ocrx_word' id='word_1_154' title='bbox 763 2787 835 2840; x_wconf 88' lang='lat' dir='ltr'><strong>avait</strong></span> <span class='ocrx_word' id='word_1_155' title='bbox 847 2786 952 2859; x_wconf 82' lang='lat' dir='ltr'><strong>promia</strong></span> <span class='ocrx_word' id='word_1_156' title='bbox 963 2784 991 2841; x_wconf 81' lang='lat' dir='ltr'><strong>la</strong></span> <span class='ocrx_word' id='word_1_157' title='bbox 1001 2786 1046 2841; x_wconf 83' lang='lat' dir='ltr'><strong>rie</strong></span> <span class='ocrx_word' id='word_1_158' title='bbox 1059 2805 1149 2844; x_wconf 72' lang='lat' dir='ltr'><strong>unte</strong></span> <span class='ocrx_word' id='word_1_159' title='bbox 1160 2808 1215 2845; x_wconf 75' lang='lat' dir='ltr'><strong>aux</strong></span> <span class='ocrx_word' id='word_1_160' title='bbox 1224 2788 1289 2843; x_wconf 67' lang='lat' dir='ltr'><strong>anie</strong></span> 
     </span>
     <span class='ocr_line' id='line_1_22' title="bbox 225 2873 1289 2953; baseline 0.004 -25"><span class='ocrx_word' id='word_1_161' title='bbox 225 2879 286 2943; x_wconf 72' lang='lat' dir='ltr'><strong>ges,</strong></span> <span class='ocrx_word' id='word_1_162' title='bbox 303 2885 332 2928; x_wconf 87' lang='lat' dir='ltr'><strong>et</strong></span> <span class='ocrx_word' id='word_1_163' title='bbox 347 2893 402 2946; x_wconf 82' lang='lat' dir='ltr'><strong>quc</strong></span> <span class='ocrx_word' id='word_1_164' title='bbox 414 2875 493 2945; x_wconf 85' lang='lat' dir='ltr'><strong>vingt</strong></span> <span class='ocrx_word' id='word_1_165' title='bbox 510 2873 587 2927; x_wconf 84' lang='lat' dir='ltr'><strong>mille</strong></span> <span class='ocrx_word' id='word_1_166' title='bbox 602 2874 676 2926; x_wconf 69' lang='lat' dir='ltr'><strong>:ireres</strong></span> <span class='ocrx_word' id='word_1_167' title='bbox 692 2874 786 2927; x_wconf 85' lang='lat' dir='ltr'><strong>lurent</strong></span> <span class='ocrx_word' id='word_1_168' title='bbox 803 2876 929 2929; x_wconf 77' lang='lat' dir='ltr'><strong>victimas</strong></span> <span class='ocrx_word' id='word_1_169' title='bbox 945 2874 981 2929; x_wconf 90' lang='lat' dir='ltr'><strong>de</strong></span> <span class='ocrx_word' id='word_1_170' title='bbox 995 2892 1048 2930; x_wconf 81' lang='lat' dir='ltr'><strong>son</strong></span> <span class='ocrx_word' id='word_1_171' title='bbox 1067 2895 1197 2953; x_wconf 79' lang='lat' dir='ltr'><strong>maraque</strong></span> <span class='ocrx_word' id='word_1_172' title='bbox 1207 2878 1241 2933; x_wconf 86' lang='lat' dir='ltr'><strong>de</strong></span> <span class='ocrx_word' id='word_1_173' title='bbox 1251 2876 1289 2932; x_wconf 78' lang='lat' dir='ltr'><strong>tu.</strong></span> 
     </span>
     <span class='ocr_line' id='line_1_23' title="bbox 224 2962 1290 3040; baseline 0.008 -25"><span class='ocrx_word' id='word_1_174' title='bbox 224 2964 339 3034; x_wconf 78' lang='lat' dir='ltr'><strong>ll’aprls</strong></span> <span class='ocrx_word' id='word_1_175' title='bbox 356 2962 381 3016; x_wconf 90' lang='lat' dir='ltr'><strong>le</strong></span> <span class='ocrx_word' id='word_1_176' title='bbox 400 2964 469 3015; x_wconf 81' lang='lat' dir='ltr'><strong>recit</strong></span> <span class='ocrx_word' id='word_1_177' title='bbox 487 2962 536 3015; x_wconf 86' lang='lat' dir='ltr'><strong>des</strong></span> <span class='ocrx_word' id='word_1_178' title='bbox 554 2962 704 3015; x_wconf 87' lang='lat' dir='ltr'><strong>historiens</strong></span> <span class='ocrx_word' id='word_1_179' title='bbox 722 2962 929 3032; x_wconf 80' lang='lat' dir='ltr'><strong>Occidentanr,</strong></span> <span class='ocrx_word' id='word_1_180' title='bbox 946 2983 978 3020; x_wconf 84' lang='lat' dir='ltr'><strong>ce</strong></span> <span class='ocrx_word' id='word_1_181' title='bbox 995 2965 1084 3022; x_wconf 81' lang='lat' dir='ltr'><strong>serait</strong></span> <span class='ocrx_word' id='word_1_182' title='bbox 1096 2966 1196 3040; x_wconf 78' lang='lat' dir='ltr'><strong>plutot</strong></span> <span class='ocrx_word' id='word_1_183' title='bbox 1209 2968 1290 3023; x_wconf 63' lang='lat' dir='ltr'><strong>tuoe</strong></span> 
     </span>
     <span class='ocr_line' id='line_1_24' title="bbox 224 3049 694 3124; baseline 0 -19"><span class='ocrx_word' id='word_1_184' title='bbox 224 3051 309 3106; x_wconf 85' lang='lat' dir='ltr'><strong>mend</strong></span> <span class='ocrx_word' id='word_1_185' title='bbox 323 3049 392 3124; x_wconf 86' lang='lat' dir='ltr'><strong>qu’il</strong></span> <span class='ocrx_word' id='word_1_186' title='bbox 406 3049 528 3104; x_wconf 80' lang='lat' dir='ltr'><strong>faudrait</strong></span> <span class='ocrx_word' id='word_1_187' title='bbox 540 3050 694 3123; x_wconf 86' lang='lat' dir='ltr'><strong>l‘imputer.</strong></span> 
     </span>
    </p>

    <p class='ocr_par' dir='ltr' id='par_1_4' title="bbox 222 3137 1293 3489">
     <span class='ocr_line' id='line_1_25' title="bbox 260 3137 1290 3221; baseline 0.007 -29"><span class='ocrx_word' id='word_1_188' title='bbox 260 3144 300 3207; x_wconf 83' lang='lat' dir='ltr'><strong>(a)</strong></span> <span class='ocrx_word' id='word_1_189' title='bbox 314 3138 353 3194; x_wconf 90' lang='lat' dir='ltr'><strong>Ce</strong></span> <span class='ocrx_word' id='word_1_190' title='bbox 367 3137 437 3192; x_wconf 88' lang='lat' dir='ltr'><strong>n’est</strong></span> <span class='ocrx_word' id='word_1_191' title='bbox 450 3138 529 3210; x_wconf 84' lang='lat' dir='ltr'><strong>point</strong></span> <span class='ocrx_word' id='word_1_192' title='bbox 541 3157 605 3194; x_wconf 89' lang='lat' dir='ltr'><strong>arec</strong></span> <span class='ocrx_word' id='word_1_193' title='bbox 615 3158 653 3193; x_wconf 90' lang='lat' dir='ltr'><strong>un</strong></span> <span class='ocrx_word' id='word_1_194' title='bbox 666 3158 747 3213; x_wconf 88' lang='lat' dir='ltr'><strong>corps</strong></span> <span class='ocrx_word' id='word_1_195' title='bbox 758 3142 830 3195; x_wconf 83' lang='lat' dir='ltr'><strong>aussi</strong></span> <span class='ocrx_word' id='word_1_196' title='bbox 842 3141 1027 3198; x_wconf 86' lang='lat' dir='ltr'><strong>combustible</strong></span> <span class='ocrx_word' id='word_1_197' title='bbox 1037 3161 1098 3218; x_wconf 83' lang='lat' dir='ltr'><strong>que</strong></span> <span class='ocrx_word' id='word_1_198' title='bbox 1110 3143 1214 3203; x_wconf 82' lang='lat' dir='ltr'><strong>l&#39;lruile</strong></span> <span class='ocrx_word' id='word_1_199' title='bbox 1222 3145 1290 3221; x_wconf 79' lang='lat' dir='ltr'><strong>qv‘cu</strong></span> 
     </span>
     <span class='ocr_line' id='line_1_26' title="bbox 222 3226 1291 3305; baseline 0.007 -26"><span class='ocrx_word' id='word_1_200' title='bbox 222 3246 239 3279; x_wconf 82' lang='lat' dir='ltr'><strong>a</strong></span> <span class='ocrx_word' id='word_1_201' title='bbox 256 3226 356 3305; x_wconf 76' lang='lat' dir='ltr'><strong>japaais</strong></span> <span class='ocrx_word' id='word_1_202' title='bbox 375 3244 416 3298; x_wconf 91' lang='lat' dir='ltr'><strong>pu</strong></span> <span class='ocrx_word' id='word_1_203' title='bbox 436 3244 536 3298; x_wconf 83' lang='lat' dir='ltr'><strong>pensor</strong></span> <span class='ocrx_word' id='word_1_204' title='bbox 557 3230 572 3280; x_wconf 72' lang='lat' dir='ltr'><strong>a</strong></span> <span class='ocrx_word' id='word_1_205' title='bbox 593 3227 719 3282; x_wconf 78' lang='lat' dir='ltr'><strong>eteindre</strong></span> <span class='ocrx_word' id='word_1_206' title='bbox 738 3228 763 3282; x_wconf 90' lang='lat' dir='ltr'><strong>lc</strong></span> <span class='ocrx_word' id='word_1_207' title='bbox 783 3229 830 3283; x_wconf 83' lang='lat' dir='ltr'><strong>len</strong></span> <span class='ocrx_word' id='word_1_208' title='bbox 851 3230 991 3303; x_wconf 78' lang='lat' dir='ltr'><strong>gregeois,</strong></span> <span class='ocrx_word' id='word_1_209' title='bbox 1008 3230 1082 3285; x_wconf 78' lang='lat' dir='ltr'><strong>mais</strong></span> <span class='ocrx_word' id='word_1_210' title='bbox 1097 3231 1172 3289; x_wconf 85' lang='lat' dir='ltr'><strong>bien</strong></span> <span class='ocrx_word' id='word_1_211' title='bbox 1187 3252 1248 3291; x_wconf 76' lang='lat' dir='ltr'><strong>atet</strong></span> <span class='ocrx_word' id='word_1_212' title='bbox 1262 3232 1291 3287; x_wconf 81' lang='lat' dir='ltr'><strong>tv</strong></span> 
     </span>
     <span class='ocr_line' id='line_1_27' title="bbox 225 3316 1293 3399; baseline 0.012 -30"><span class='ocrx_word' id='word_1_213' title='bbox 225 3318 363 3390; x_wconf 86' lang='lat' dir='ltr'><strong>rinaigre‚</strong></span> <span class='ocrx_word' id='word_1_214' title='bbox 380 3316 415 3371; x_wconf 89' lang='lat' dir='ltr'><strong>de</strong></span> <span class='ocrx_word' id='word_1_215' title='bbox 427 3316 529 3372; x_wconf 88' lang='lat' dir='ltr'><strong>l&#39;urinc</strong></span> <span class='ocrx_word' id='word_1_216' title='bbox 541 3328 569 3372; x_wconf 85' lang='lat' dir='ltr'><strong>et</strong></span> <span class='ocrx_word' id='word_1_217' title='bbox 583 3318 617 3371; x_wconf 89' lang='lat' dir='ltr'><strong>de</strong></span> <span class='ocrx_word' id='word_1_218' title='bbox 631 3319 656 3373; x_wconf 86' lang='lat' dir='ltr'><strong>la</strong></span> <span class='ocrx_word' id='word_1_219' title='bbox 669 3316 821 3375; x_wconf 84' lang='lat' dir='ltr'><strong>cendre&#39;ou</strong></span> <span class='ocrx_word' id='word_1_220' title='bbox 833 3320 872 3373; x_wconf 93' lang='lat' dir='ltr'><strong>du</strong></span> <span class='ocrx_word' id='word_1_221' title='bbox 887 3319 972 3375; x_wconf 79' lang='lat' dir='ltr'><strong>suble.</strong></span> <span class='ocrx_word' id='word_1_222' title='bbox 987 3322 1072 3378; x_wconf 74' lang='lat' dir='ltr'><strong>Autsi</strong></span> <span class='ocrx_word' id='word_1_223' title='bbox 1087 3320 1213 3381; x_wconf 81' lang='lat' dir='ltr'><strong>l’erreur</strong></span> <span class='ocrx_word' id='word_1_224' title='bbox 1225 3341 1293 3399; x_wconf 65' lang='lat' dir='ltr'><strong>‘mt-</strong></span> 
     </span>
     <span class='ocr_line' id='line_1_28' title="bbox 226 3407 1293 3489; baseline 0.008 -29"><span class='ocrx_word' id='word_1_225' title='bbox 226 3410 297 3462; x_wconf 78' lang='lat' dir='ltr'><strong>sierc</strong></span> <span class='ocrx_word' id='word_1_226' title='bbox 307 3425 362 3480; x_wconf 90' lang='lat' dir='ltr'><strong>que</strong></span> <span class='ocrx_word' id='word_1_227' title='bbox 371 3417 493 3461; x_wconf 87' lang='lat' dir='ltr'><strong>commet</strong></span> <span class='ocrx_word' id='word_1_228' title='bbox 501 3407 537 3462; x_wconf 87' lang='lat' dir='ltr'><strong>ici</strong></span> <span class='ocrx_word' id='word_1_229' title='bbox 551 3418 632 3461; x_wconf 89' lang='lat' dir='ltr'><strong>notre</strong></span> <span class='ocrx_word' id='word_1_230' title='bbox 641 3419 750 3477; x_wconf 85' lang='lat' dir='ltr'><strong>auteur,</strong></span> <span class='ocrx_word' id='word_1_231' title='bbox 764 3427 799 3464; x_wconf 89' lang='lat' dir='ltr'><strong>ne</strong></span> <span class='ocrx_word' id='word_1_232' title='bbox 810 3427 838 3463; x_wconf 87' lang='lat' dir='ltr'><strong>se</strong></span> <span class='ocrx_word' id='word_1_233' title='bbox 850 3410 1170 3489; x_wconf 76' lang='lat' dir='ltr'><strong>rencontre-t-elleqne</strong></span> <span class='ocrx_word' id='word_1_234' title='bbox 1182 3414 1293 3471; x_wconf 70' lang='grc' dir='ltr'>ἆιωωιι</span> 
     </span>
    </p>
   </div>
   <div class='ocr_carea' id='block_1_4' title="bbox 105 3495 827 3571">
    <p class='ocr_par' dir='ltr' id='par_1_5' title="bbox 105 3495 827 3571">
     <span class='ocr_line' id='line_1_29' title="bbox 105 3495 827 3571; baseline 0.008 -23"><span class='ocrx_word' id='word_1_235' title='bbox 105 3534 108 3540; x_wconf 88' lang='grc'><strong>-</strong></span> <span class='ocrx_word' id='word_1_236' title='bbox 227 3496 311 3568; x_wconf 84' lang='lat' dir='ltr'><strong>gnide</strong></span> <span class='ocrx_word' id='word_1_237' title='bbox 324 3495 463 3562; x_wconf 89' lang='lat' dir='ltr'><strong>habitnel,</strong></span> <span class='ocrx_word' id='word_1_238' title='bbox 479 3496 597 3563; x_wconf 91' lang='lat' dir='ltr'><strong>Baudri,</strong></span> <span class='ocrx_word' id='word_1_239' title='bbox 612 3499 648 3551; x_wconf 84' lang='lat' dir='ltr'><strong>od</strong></span> <span class='ocrx_word' id='word_1_240' title='bbox 663 3497 682 3552; x_wconf 92' lang='lat' dir='ltr'><strong>il</strong></span> <span class='ocrx_word' id='word_1_241' title='bbox 695 3497 728 3552; x_wconf 88' lang='lat' dir='ltr'><strong>l‘a</strong></span> <span class='ocrx_word' id='word_1_242' title='bbox 743 3499 827 3571; x_wconf 87' lang='lat' dir='ltr'><strong>prise.</strong></span> 
     </span>
    </p>
   </div>
   <div class='ocr_carea' id='block_1_5' title="bbox 226 3583 1298 3851">
    <p class='ocr_par' dir='ltr' id='par_1_6' title="bbox 226 3583 1298 3851">
     <span class='ocr_line' id='line_1_30' title="bbox 259 3583 1295 3667; baseline 0.006 -26"><span class='ocrx_word' id='word_1_243' title='bbox 259 3585 301 3656; x_wconf 80' lang='lat'><strong>(3)</strong></span> <span class='ocrx_word' id='word_1_244' title='bbox 313 3583 439 3641; x_wconf 88' lang='lat' dir='ltr'><strong>Gouflier</strong></span> <span class='ocrx_word' id='word_1_245' title='bbox 450 3586 485 3639; x_wconf 88' lang='lat' dir='ltr'><strong>de</strong></span> <span class='ocrx_word' id='word_1_246' title='bbox 498 3587 642 3654; x_wconf 86' lang='lat' dir='ltr'><strong>Lastuurs,</strong></span> <span class='ocrx_word' id='word_1_247' title='bbox 657 3589 787 3660; x_wconf 81' lang='lat' dir='ltr'><strong>seigneur</strong></span> <span class='ocrx_word' id='word_1_248' title='bbox 799 3587 834 3643; x_wconf 89' lang='lat' dir='ltr'><strong>de</strong></span> <span class='ocrx_word' id='word_1_249' title='bbox 846 3588 1009 3657; x_wconf 84' lang='lat' dir='ltr'><strong>Hautelort,</strong></span> <span class='ocrx_word' id='word_1_250' title='bbox 1024 3600 1057 3647; x_wconf 86' lang='lat' dir='ltr'><strong>et</strong></span> <span class='ocrx_word' id='word_1_251' title='bbox 1068 3594 1143 3667; x_wconf 72' lang='lat' dir='ltr'><strong>pem</strong></span> <span class='ocrx_word' id='word_1_252' title='bbox 1154 3594 1193 3651; x_wconf 85' lang='lat' dir='ltr'><strong>de</strong></span> <span class='ocrx_word' id='word_1_253' title='bbox 1203 3596 1259 3653; x_wconf 81' lang='lat' dir='ltr'><strong>cui</strong></span> <span class='ocrx_word' id='word_1_254' title='bbox 1267 3592 1295 3647; x_wconf 81' lang='lat' dir='ltr'><strong>de</strong></span> 
     </span>
     <span class='ocr_line' id='line_1_31' title="bbox 227 3674 1296 3747; baseline 0.013 -18"><span class='ocrx_word' id='word_1_255' title='bbox 227 3677 370 3741; x_wconf 73' lang='lat' dir='ltr'><strong>lastours,</strong></span> <span class='ocrx_word' id='word_1_256' title='bbox 382 3674 431 3747; x_wconf 92' lang='lat' dir='ltr'><strong>qui</strong></span> <span class='ocrx_word' id='word_1_257' title='bbox 443 3675 545 3746; x_wconf 74' lang='lat' dir='ltr'><strong>epousa</strong></span> <span class='ocrx_word' id='word_1_258' title='bbox 557 3676 707 3745; x_wconf 71' lang='lat' dir='ltr'><strong>llatlrilde,</strong></span> <span class='ocrx_word' id='word_1_259' title='bbox 721 3677 776 3731; x_wconf 87' lang='lat' dir='ltr'><strong>fille</strong></span> <span class='ocrx_word' id='word_1_260' title='bbox 785 3678 820 3731; x_wconf 87' lang='lat' dir='ltr'><strong>dc</strong></span> <span class='ocrx_word' id='word_1_261' title='bbox 828 3677 952 3732; x_wconf 88' lang='lat' dir='ltr'><strong>Geollroi</strong></span> <span class='ocrx_word' id='word_1_262' title='bbox 966 3678 1010 3747; x_wconf 91' lang='lat'><strong>11,</strong></span> <span class='ocrx_word' id='word_1_263' title='bbox 1022 3692 1125 3737; x_wconf 77' lang='lat' dir='ltr'><strong>comte</strong></span> <span class='ocrx_word' id='word_1_264' title='bbox 1133 3684 1177 3739; x_wconf 86' lang='lat' dir='ltr'><strong>du</strong></span> <span class='ocrx_word' id='word_1_265' title='bbox 1189 3684 1296 3743; x_wconf 69' lang='lat' dir='ltr'><strong>ruthe.</strong></span> 
     </span>
     <span class='ocr_line' id='line_1_32' title="bbox 226 3763 1298 3851; baseline 0.007 -34"><span class='ocrx_word' id='word_1_266' title='bbox 226 3776 255 3819; x_wconf 87' lang='lat' dir='ltr'><strong>et</strong></span> <span class='ocrx_word' id='word_1_267' title='bbox 270 3784 353 3818; x_wconf 78' lang='lat' dir='ltr'><strong>seuve</strong></span> <span class='ocrx_word' id='word_1_268' title='bbox 368 3764 403 3818; x_wconf 90' lang='lat' dir='ltr'><strong>de</strong></span> <span class='ocrx_word' id='word_1_269' title='bbox 418 3763 571 3833; x_wconf 85' lang='lat' dir='ltr'><strong>Raimond,</strong></span> <span class='ocrx_word' id='word_1_270' title='bbox 586 3767 704 3821; x_wconf 82' lang='lat' dir='ltr'><strong>vicomte</strong></span> <span class='ocrx_word' id='word_1_271' title='bbox 721 3766 757 3821; x_wconf 89' lang='lat' dir='ltr'><strong>dc</strong></span> <span class='ocrx_word' id='word_1_272' title='bbox 772 3768 914 3822; x_wconf 92' lang='lat' dir='ltr'><strong>Turenne.</strong></span> <span class='ocrx_word' id='word_1_273' title='bbox 932 3766 956 3822; x_wconf 89' lang='lat' dir='ltr'><strong>ll</strong></span> <span class='ocrx_word' id='word_1_274' title='bbox 971 3779 1014 3824; x_wconf 80' lang='lat' dir='ltr'><strong>est</strong></span> <span class='ocrx_word' id='word_1_275' title='bbox 1030 3768 1161 3829; x_wconf 65' lang='lat' dir='ltr'><strong>nehem</strong></span> <span class='ocrx_word' id='word_1_276' title='bbox 1173 3776 1257 3851; x_wconf 80' lang='lat' dir='ltr'><strong>qu’ou</strong></span> <span class='ocrx_word' id='word_1_277' title='bbox 1267 3776 1298 3828; x_wconf 80' lang='lat' dir='ltr'><strong>ait</strong></span> 
     </span>
    </p>
   </div>
   <div class='ocr_carea' id='block_1_6' title="bbox 120 3853 1299 3933">
    <p class='ocr_par' dir='ltr' id='par_1_7' title="bbox 120 3853 1299 3933">
     <span class='ocr_line' id='line_1_33' title="bbox 120 3853 1299 3933; baseline 0.011 -27"><span class='ocrx_word' id='word_1_278' title='bbox 120 3864 123 3871; x_wconf 92' lang='lat'>&#39;</span> <span class='ocrx_word' id='word_1_279' title='bbox 226 3854 317 3926; x_wconf 90' lang='lat' dir='ltr'><strong>perdu</strong></span> <span class='ocrx_word' id='word_1_280' title='bbox 329 3854 354 3907; x_wconf 85' lang='lat' dir='ltr'><strong>la</strong></span> <span class='ocrx_word' id='word_1_281' title='bbox 365 3853 481 3908; x_wconf 88' lang='lat' dir='ltr'><strong>relation</strong></span> <span class='ocrx_word' id='word_1_282' title='bbox 492 3853 527 3909; x_wconf 89' lang='lat' dir='ltr'><strong>de</strong></span> <span class='ocrx_word' id='word_1_283' title='bbox 537 3854 562 3908; x_wconf 86' lang='lat' dir='ltr'><strong>la</strong></span> <span class='ocrx_word' id='word_1_284' title='bbox 573 3858 711 3928; x_wconf 74' lang='lat' dir='ltr'><strong>premiere</strong></span> <span class='ocrx_word' id='word_1_285' title='bbox 720 3856 845 3911; x_wconf 87' lang='lat' dir='ltr'><strong>croisade</strong></span> <span class='ocrx_word' id='word_1_286' title='bbox 855 3875 910 3932; x_wconf 86' lang='lat' dir='ltr'><strong>que</strong></span> <span class='ocrx_word' id='word_1_287' title='bbox 919 3856 1064 3932; x_wconf 75' lang='lat' dir='ltr'><strong>Gregoire</strong></span> <span class='ocrx_word' id='word_1_288' title='bbox 1076 3860 1214 3933; x_wconf 79' lang='lat' dir='ltr'><strong>Bnhade,</strong></span> <span class='ocrx_word' id='word_1_289' title='bbox 1227 3862 1299 3919; x_wconf 73' lang='lat' dir='ltr'><strong>natal</strong></span> 
     </span>
    </p>
   </div>
   <div class='ocr_carea' id='block_1_7' title="bbox 223 3941 1302 4288">
    <p class='ocr_par' dir='ltr' id='par_1_8' title="bbox 223 3941 1302 4288">
     <span class='ocr_line' id='line_1_34' title="bbox 226 3941 1300 4029; baseline 0.012 -35"><span class='ocrx_word' id='word_1_290' title='bbox 226 3942 261 3997; x_wconf 86' lang='lat' dir='ltr'><strong>de</strong></span> <span class='ocrx_word' id='word_1_291' title='bbox 280 3941 406 3998; x_wconf 85' lang='lat' dir='ltr'><strong>Goullicr</strong></span> <span class='ocrx_word' id='word_1_292' title='bbox 425 3941 460 3996; x_wconf 90' lang='lat' dir='ltr'><strong>dc</strong></span> <span class='ocrx_word' id='word_1_293' title='bbox 482 3944 625 4011; x_wconf 79' lang='lat' dir='ltr'><strong>lastours,</strong></span> <span class='ocrx_word' id='word_1_294' title='bbox 648 3947 719 3999; x_wconf 88' lang='lat' dir='ltr'><strong>avait</strong></span> <span class='ocrx_word' id='word_1_295' title='bbox 740 3945 867 4019; x_wconf 71' lang='lat' dir='ltr'><strong>crnplove</strong></span> <span class='ocrx_word' id='word_1_296' title='bbox 884 3945 973 4001; x_wconf 82' lang='lat' dir='ltr'><strong>dottze</strong></span> <span class='ocrx_word' id='word_1_297' title='bbox 991 3965 1044 4002; x_wconf 79' lang='lat' dir='ltr'><strong>ans</strong></span> <span class='ocrx_word' id='word_1_298' title='bbox 1065 3952 1082 4004; x_wconf 77' lang='lat' dir='ltr'><strong>la</strong></span> <span class='ocrx_word' id='word_1_299' title='bbox 1102 3969 1256 4029; x_wconf 74' lang='lat' dir='ltr'><strong>componet</strong></span> <span class='ocrx_word' id='word_1_300' title='bbox 1271 3970 1300 4007; x_wconf 82' lang='lat' dir='ltr'><strong>eu</strong></span> 
     </span>
     <span class='ocr_line' id='line_1_35' title="bbox 226 4030 1301 4118; baseline 0.014 -34"><span class='ocrx_word' id='word_1_301' title='bbox 226 4032 330 4086; x_wconf 81' lang='lat' dir='ltr'><strong>idiorne</strong></span> <span class='ocrx_word' id='word_1_302' title='bbox 345 4030 477 4103; x_wconf 78' lang='lat' dir='ltr'><strong>vulgaire.</strong></span> <span class='ocrx_word' id='word_1_303' title='bbox 491 4034 607 4087; x_wconf 87' lang='lat' dir='ltr'><strong>Connne</strong></span> <span class='ocrx_word' id='word_1_304' title='bbox 623 4033 742 4089; x_wconf 86' lang='lat' dir='ltr'><strong>l’auteur</strong></span> <span class='ocrx_word' id='word_1_305' title='bbox 759 4037 831 4090; x_wconf 86' lang='lat' dir='ltr'><strong>avait</strong></span> <span class='ocrx_word' id='word_1_306' title='bbox 848 4045 958 4090; x_wconf 83' lang='lat' dir='ltr'><strong>aurtout</strong></span> <span class='ocrx_word' id='word_1_307' title='bbox 976 4038 1129 4109; x_wconf 71' lang='lat' dir='ltr'><strong>consulte,</strong></span> <span class='ocrx_word' id='word_1_308' title='bbox 1145 4061 1222 4118; x_wconf 84' lang='lat' dir='ltr'><strong>pour</strong></span> <span class='ocrx_word' id='word_1_309' title='bbox 1234 4044 1301 4099; x_wconf 72' lang='lat' dir='ltr'><strong>l‘e&#39;tu·</strong></span> 
     </span>
     <span class='ocr_line' id='line_1_36' title="bbox 223 4120 1302 4209; baseline 0.013 -36"><span class='ocrx_word' id='word_1_310' title='bbox 223 4121 385 4175; x_wconf 83' lang='lat' dir='ltr'><strong>blissernent</strong></span> <span class='ocrx_word' id='word_1_311' title='bbox 399 4120 447 4175; x_wconf 87' lang='lat' dir='ltr'><strong>des</strong></span> <span class='ocrx_word' id='word_1_312' title='bbox 463 4121 540 4190; x_wconf 77' lang='lat' dir='ltr'><strong>faits,</strong></span> <span class='ocrx_word' id='word_1_313' title='bbox 554 4141 593 4176; x_wconf 88' lang='lat' dir='ltr'><strong>uu</strong></span> <span class='ocrx_word' id='word_1_314' title='bbox 606 4123 767 4193; x_wconf 78' lang='lat' dir='ltr'><strong>Norrnnnl,</strong></span> <span class='ocrx_word' id='word_1_315' title='bbox 787 4128 898 4180; x_wconf 75' lang='lat' dir='ltr'><strong>nomme</strong></span> <span class='ocrx_word' id='word_1_316' title='bbox 910 4124 1058 4197; x_wconf 79' lang='lat' dir='ltr'><strong>Gaubert,</strong></span> <span class='ocrx_word' id='word_1_317' title='bbox 1076 4142 1168 4189; x_wconf 74' lang='lat' dir='ltr'><strong>notre</strong></span> <span class='ocrx_word' id='word_1_318' title='bbox 1181 4132 1302 4209; x_wconf 77' lang='lat' dir='ltr'><strong>province</strong></span> 
     </span>
     <span class='ocr_line' id='line_1_37' title="bbox 223 4211 968 4288; baseline 0.012 -26"><span class='ocrx_word' id='word_1_319' title='bbox 223 4220 266 4262; x_wconf 91' lang='lat' dir='ltr'><strong>est</strong></span> <span class='ocrx_word' id='word_1_320' title='bbox 279 4211 535 4281; x_wconf 77' lang='lat' dir='ltr'><strong>pat·ticuli.&#39;rrn1rnt</strong></span> <span class='ocrx_word' id='word_1_321' title='bbox 549 4214 699 4269; x_wconf 78' lang='lat' dir='ltr'><strong>inte&#39;ressee</strong></span> <span class='ocrx_word' id='word_1_322' title='bbox 714 4214 782 4270; x_wconf 87' lang='lat' dir='ltr'><strong>daus</strong></span> <span class='ocrx_word' id='word_1_323' title='bbox 795 4226 867 4271; x_wconf 84' lang='lat' dir='ltr'><strong>cette</strong></span> <span class='ocrx_word' id='word_1_324' title='bbox 879 4225 968 4288; x_wconf 84' lang='lat' dir='ltr'><strong>perte.</strong></span> 
     </span>
    </p>
   </div>
   <div class='ocr_carea' id='block_1_8' title="bbox 0 0 1512 5242">
    <p class='ocr_par' dir='ltr' id='par_1_9' title="bbox 0 0 1512 5242">
     <span class='ocr_line' id='line_1_38' title="bbox 0 0 1512 5242; baseline 0 0"><span class='ocrx_word' id='word_1_325' title='bbox 0 0 1512 5242; x_wconf 95' lang='lat' dir='ltr'><strong> </strong></span> 
     </span>
    </p>
   </div>
  </div>
 </body>
</html>
