3046 5244
103 413 198 488 [ιω
216 410 307 486 rous]
495 406 614 469 nrm
633 404 814 479 rocus,
1009 504 1014 513 Ι
1110 406 1173 471 sau

105 534 264 609 buslibet
276 536 697 613 mortibuslunestarent.
710 534 919 627 Christiani,
929 551 1066 637 praem
1079 535 1173 627 brec,

108 650 1178 755 magnisassligebanturincommodia,quianecobaidionem

106 766 288 855 deserere,
307 794 374 842 nec
386 770 546 869 procula
560 769 684 843 castris
694 765 876 843 audebant
888 767 1097 869 procedere.
1111 770 1180 843 lic-

109 887 235 984 giones
252 887 467 961 circumsitae
477 890 554 989 jam
568 887 606 961 in
623 902 758 960 tantam
774 885 1043 991 redacturum
1055 887 1181 963 solito-
1284 892 1288 899 '

108 1000 250 1087 dinem,
271 1019 311 1074 ut
338 1004 475 1077 nullam
492 1005 542 1076 eis
566 1002 836 1104 suppeditarent
852 1003 1071 1104 pabulorum
1090 1002 1180 1079 aab·

110 1117 426 1193 ministrationem.
468 1121 577 1193 Turci
619 1120 811 1210 nimirum,
851 1119 983 1222 quibua
1015 1121 1180 1217 locorum

110 1237 398 1333 opportunitates
424 1237 580 1337 cognitae
602 1253 726 1332 erant,
744 1240 1005 1313 lmmeutatum
1029 1241 1183 1315 currita-
1277 1280 1283 1291 ·

111 1350 219 1439 bant,
247 1368 284 1426 et
309 1353 520 1428 Christiania
544 1356 716 1430 attentius
755 1352 1029 1430 insidiabuntur.
1064 1356 1183 1433 Porro

111 1496 349 1571 quaecumque
365 1472 544 1573 cipitates,
560 1497 798 1575 quecumque
810 1472 974 1563 castella,
992 1488 1184 1575 quemm-

112 1612 182 1685 que
197 1589 413 1686 municipia,
433 1587 589 1689 quilibet
604 1587 734 1677 bomo,
750 1586 924 1691 quaelibet
938 1589 1085 1678 mulier,
1100 1614 1186 1665 cm·

115 1729 197 1791 nes,
218 1706 280 1804 qui
303 1704 359 1777 vel
379 1730 494 1805 prope
515 1705 571 1778 vel
586 1705 716 1804 procul
733 1722 855 1796 erunt,
873 1704 1086 1781 Christianis
1109 1706 1185 1781 ini-

117 1820 357 1894 micabantur.
386 1823 511 1896 Omnis
540 1822 640 1896 locus
662 1821 871 1898 obstructus
893 1838 992 1914 erat,
1020 1848 1068 1898 nc
1091 1825 1186 1898 forte

116 1940 358 2036 negotiatores
382 1938 426 2012 ad
444 1965 508 2013 cos
532 1940 769 2013 accessissent.
788 1940 914 2040 ltaque
939 1937 1186 2040 perhorrenda

116 2055 417 2153 periclitabantur
431 2056 636 2131 eduliorum
654 2056 788 2158 inopia.
811 2055 990 2132 Nobilitas
1005 2057 1130 2158 igitur,
1145 2072 1188 2131 ut

116 2170 213 2270 plebi
233 2174 481 2261 consulerent,
500 2171 784 2249 misericorditer
797 2171 1053 2247 anxiabantur.
1067 2172 1190 2247 Gonti-

118 2290 206 2362 lium
228 2291 388 2364 inierunt
410 2307 452 2365 ut
476 2287 755 2365 Macbomariam
773 2290 979 2380 munirent,
998 2304 1036 2363 et
1060 2287 1188 2364 'l'ut'cit
1258 2380 1261 2385 ι

120 2407 309 2478 transitum
339 2431 405 2503 per
431 2422 582 2505 pontem
617 2407 801 2481 auferrent
837 2406 906 2505 (ι).
942 2405 1190 2480 Decrevemnt

118 2525 225 2595 etiam
252 2539 290 2594 ut
314 2520 544 2597 Buamundua
564 2522 659 2613 dux,
677 2539 716 2597 et
730 2520 973 2612 llaimundur,
991 2521 1190 2597 Toloeaunr

119 2662 253 2725 comes,
269 2637 314 2710 ad
327 2638 478 2712 Portum
491 2637 617 2727 suncti,
628 2637 807 2712 Simeonis
815 2637 872 2736 (a)
886 2636 1004 2729 irent,
1015 2652 1054 2711 et
1066 2661 1190 2739 popu-

121 2754 219 2842 lum,
240 2755 301 2855 qui
322 2754 370 2828 ibi
398 2754 626 2854 apertam,
644 2752 689 2829 nd
713 2752 941 2831 obsidionem
958 2752 1189 2829 adducerent.

124 2873 263 2970 ltaque,
278 2873 339 2971 qui
355 2873 390 2944 in
406 2873 530 2945 castris
543 2886 815 2962 remanserunt,
828 2868 979 2944 accincti
993 2868 1132 2970 gladiis,
1145 2866 1193 2942 ad

120 2989 304 3061 castellum
346 2987 588 3062 inchoandum
630 2987 851 3062 unanimiter
887 3012 925 3060 se
969 3010 1195 3087 praeparare·

124 3122 211 3176 runt
222 3107 291 3201 (3).
307 3105 416 3177 Turci
430 3123 564 3191 autem,
577 3131 646 3180 nec
659 3129 813 3179 numero
824 3129 891 3178 nec
901 3104 1012 3177 armis
1023 3105 1190 3204 impares,

160 3383 198 3450 (r)
215 3380 296 3434 Certe
312 3377 463 3433 resolution
484 3397 518 3431 uc
535 3377 578 3431 lut
595 3376 683 3449 prise,
698 3392 735 3429 ou
749 3394 783 3430 au
801 3374 893 3430 moins
904 3376 1049 3441 caecutis,
1066 3373 1195 3448 qu’aprda

122 3487 179 3543 que
192 3468 231 3522 les
245 3468 417 3521 musulmans
429 3477 529 3521 eureut
542 3466 654 3520 enter-re
665 3463 740 3518 leura
751 3473 839 3519 rncrtr
849 3472 951 3518 auteur
961 3460 998 3517 de
1009 3461 1035 3517 la
1047 3464 1194 3537 ιιιοηιιόε,

122 3571 152 3614 ot
171 3578 225 3632 que
237 3557 276 3612 les
294 3558 443 3613 Chretiens
457 3566 558 3610 curent
574 3553 696 3609 exhume'
712 3569 758 3607 cea
772 3551 901 3607 cadavres
913 3568 985 3624 pour
997 3550 1148 3624 a'empaoer
1159 3548 1196 3607 dr.

127 3649 201 3702 leurs
215 3650 305 3702 riclirs
318 3647 485 3719 depouilles‚
499 3661 608 3699 comme
619 3660 655 3697 ou
669 3645 694 3697 le
706 3659 785 3696 verra
796 3641 921 3714 ciaprkr.
934 3641 972 3696 la
984 3641 1116 3715 moequde
1128 3639 1197 3695 &tait

127 3758 175 3793 sur
188 3739 211 3792 la
226 3740 283 3792 rive
295 3738 401 3802 droite‚
416 3740 431 3791 a
444 3754 497 3809 peu
511 3733 548 3790 de
560 3733 684 3790 distame
696 3742 726 3789 et
737 3731 884 3807 preuqn’en
896 3730 956 3787 lace
967 3730 1007 3786 du
1020 3741 1102 3806 pout.

163 3831 202 3899 (a)
220 3832 263 3882 :tu
284 3828 355 3898 sujet
374 3828 409 3880 de
429 3845 460 3881 ce
480 3835 544 3900 port
562 3821 758 3896 (aujourd’bui
774 3819 926 3893 murdre),
940 3838 1025 3894 voyer
1042 3819 1196 3885 ci-dmr.

128 3930 149 3971 t.
164 3919 205 3984 11,
221 3938 247 3991 p,
260 3917 310 3983 66,
326 3928 354 3972 et
367 3928 476 3972 surtout
488 3916 513 3971 la
526 3910 905 3988 correspoudauced‘Orient
918 3909 1017 3984 (lettre
1028 3911 1146 3982 cmiv).
1160 3910 1199 3967 lai

128 4008 208 4077 trajet
222 4027 292 4080 pour
302 4008 341 4078 εἰ
352 4006 452 4062 rendre
464 4004 641 4072 d'Antioche,
652 4013 695 4060 ert
703 4002 739 4057 de
749 4003 814 4077 cinq
826 4002 936 4068 beuter,
947 3998 1028 4074 paria
1039 4000 1097 4056 rire
1106 3998 1198 4055 droite

124 4096 162 4150 de
176 4096 314 4151 l‘Oroute.

164 4185 203 4252 (3)
223 4188 261 4243 Ce
276 4187 318 4239 lut
335 4186 360 4239 le
377 4196 467 4239 comta
487 4184 524 4240 de
541 4184 683 4239 Torilcuoe
700 4184 747 4257 qui
767 4200 797 4238 ee
813 4183 931 4255 chargea
944 4179 979 4235 de
994 4179 1157 4254 pocrrcirl
1174 4178 1199 4235 la

204 4303 256 4353 ιιι.
1002 4274 1049 4358 34
