3046 5244
98 416 196 489 [susm
213 408 306 486 tout]
495 406 614 471 1.th
633 404 773 469 NONUS.
1109 404 1172 469 503

96 540 141 613 ‹le
155 542 286 612 Sancto
296 537 421 624 Paulo;
433 536 602 612 Conanus
613 561 760 641 quoque
771 534 889 624 Brito,
902 532 1174 609 fitiasGsatredi

97 657 239 729 comitis
253 658 269 751 (
277 657 326 753 t),
346 670 383 726 ct
399 653 571 729 Radullus
586 654 633 727 de
643 652 788 727 Guader
803 654 880 752 (a),
893 668 931 727 et
942 652 1119 753 llogerius
1128 650 1175 727 de

97 771 300 845 Barnerilla
326 772 399 869 (ιδ),
421 798 505 844 eum
521 773 593 845 suis
613 769 831 872 agminibus.
850 767 908 843 Ad
924 786 1068 870 portam
1086 794 1176 845 vero

97 888 336 962 meridianam
361 887 561 962 Tolosauus
587 905 624 961 et
647 886 831 962 Podiensis
849 884 1089 962 excubabant.
1110 886 1173 961 lsti

99 1007 218 1106 itaque
232 1006 282 1078 sic
295 1003 425 1078 urbem
436 1004 774 1097 circumdederant,
786 1020 828 1079 ut
839 1029 948 1079 nemo
961 1003 1102 1107 ingredi
1116 1004 1174 1079 vel

98 1121 219 1219 egredi
238 1137 376 1221 posset,
404 1122 472 1194 nisi
500 1122 580 1197 lacu
604 1148 674 1224 qua
703 1120 829 1194 civitas
852 1119 1079 1222 cingebatur.
1104 1121 1176 1195 Per

98 1241 216 1313 lacum
237 1240 390 1339 quippe,
410 1238 625 1313 Christianis
640 1235 865 1327 videntibus,
889 1239 1004 1313 temari
1021 1238 1175 1339 gentiles

99 1357 332 1457 navigabant,
360 1355 500 1457 sibique
527 1356 898 1456 necessarianarigio
922 1352 1173 1430 devectabant.

101 1474 235 1546 l'erum
246 1474 381 1546 Christi
399 1475 528 1548 militia
543 1471 771 1547 landabiliter
787 1472 948 1547 Nieaeam
964 1469 1173 1563 obsederat,

98 1608 135 1663 et
157 1607 269 1664 castra
292 1593 468 1690 speciosa,
499 1592 729 1691 tentoriaque
758 1590 948 1689 imperiosa
972 1589 1009 1662 in
1040 1587 1174 1663 Christi

100 1711 248 1785 nomine
275 1709 474 1807 prudenter
502 1707 739 1808 disposuerat.
771 1707 973 1807 Fulgebant
997 1708 1035 1780 in
1066 1707 1175 1781 armis

99 1827 312 1915 Christiani,
332 1828 560 1927 maximeque
578 1826 614 1899 in
628 1851 774 1900 morum
786 1838 918 1898 ornatu
930 1821 1176 1899 erantdecen-

100 1945 238 2016 tissimi.
268 1944 395 2016 Mundi
419 1941 602 2031 moribus,
621 1943 737 2042 vegeti
767 1938 1001 2042 corporibus,
1020 1937 1173 2015 animosi

98 2058 306 2159 pectoribus
332 2058 552 2133 militabant.
582 2058 783 2132 Animabus
806 2059 878 2131 suis
898 2054 1172 2157 praemvebaut,

99 2179 216 2249 earnis
229 2176 477 2250 voluntatibus
495 2195 532 2251 et
544 2175 789 2276 voluptatibus
802 2175 924 2251 omnia
938 2174 1063 2249 illicita
1075 2172 1175 2249 abdi·

99 2294 242 2366 cabant.
261 2296 330 2393 lpsi
350 2294 456 2367 duces
471 2292 695 2385 militabant,
714 2294 909 2395 omniaque
923 2289 1173 2393 disponentes,

96 2413 256 2511 aliosque
266 2412 510 2502 cohortantes,
525 2412 591 2510 ipsi
603 2408 843 2484 excubabant.
857 2408 911 2482 lbi
921 2408 1174 2483 eratomnium

507 2640 511 2645 .
533 2637 844 2647 ..—-——·---——-—-

131 2773 141 2838 (
148 2773 170 2839 r)
185 2773 296 2836 (Ionan,
314 2772 436 2843 premier
454 2770 494 2825 du
508 2790 590 2839 nom,
604 2772 707 2828 mund
722 2771 765 2829 fils
776 2772 813 2828 de
826 2770 964 2829 Godelmi
975 2772 1021 2839 1«,
1035 2771 1080 2828 dit
1090 2770 1174 2828 Bote-

97 2860 153 2917 rel.
173 2872 265 2914 comte
284 2862 318 2915 ‹le
336 2861 484 2917 Lamballe.
502 2862 543 2917 Ce
560 2863 690 2937 seigneur
705 2862 750 2919 lut
762 2866 811 2918 tue
827 2866 842 2918 'a
859 2861 884 2917 la
901 2860 1014 2917 bataille
1027 2860 1068 2917 du
1085 2861 1174 2917 Pont-

97 2950 212 3009 ‹lr-Fer,
227 2963 254 3005 et
269 2953 324 3006 l'ou
337 2954 428 3025 royait
440 2971 555 3019 encore,
572 2954 745 3027 long-temps
756 2954 850 3026 apris,
864 2952 933 3007 daus
944 2951 970 3007 le
983 2952 1125 3024 roisinage
1137 2950 1174 3006 de

97 3061 128 3092 rr
142 3053 224 3113 pont,
247 3061 295 3095 son
317 3043 465 3109 tombeau,
482 3046 627 3098 surmonte
639 3043 724 3099 d'uue
739 3044 833 3116 pierre
844 3054 874 3098 et
886 3042 971 3098 d'une
985 3042 1071 3129 cm}
1085 3041 1175 3099 Notre

97 3143 198 3186 auteur
210 3132 305 3186 ouhlie
322 3133 358 3185 de
374 3134 553 3187 mentionner
566 3134 601 3187 iei
614 3151 654 3187 un
672 3150 847 3206 personnagc
864 3133 1010 3207 beaucoup
1022 3130 1086 3206 plus
1101 3133 1173 3188 e'ml·

99 3233 164 3275 nent
182 3247 186 3273 :
207 3222 289 3276 hlaiu
309 3222 444 3294 Fergant,
469 3221 525 3276 duc
548 3222 583 3276 dc
609 3222 746 3296 Bretagnc
773 3234 802 3278 et
828 3222 989 3277 beau-srhrc
1008 3222 1045 3279 de
1065 3222 1175 3281 Robert
1212 3266 1217 3282 .

97 3311 305 3376 (Inrntehensr,
321 3312 369 3383 qni
384 3311 441 3382 prit
453 3309 610 3383 sigalement
622 3321 684 3385 part
698 3315 713 3365 a
725 3311 749 3365 la
763 3312 902 3384 premiere
914 3310 1047 3366 croisade.

133 3403 171 3470 (a)
195 3401 235 3454 Ce
258 3418 445 3473 persouuage,
468 3401 549 3474 apres
570 3418 620 3455 son
639 3398 784 3473 expulsiou
802 3397 998 3471 d’Angleterre
1017 3400 1116 3471 (reyes
1133 3400 1175 3456 cl·

98 3490 203 3556 (lessus,
218 3501 238 3543 t.
255 3491 297 3556 ll,
312 3510 340 3563 p.
356 3489 508 3559 mesca),
522 3491 612 3545 s’etait
625 3490 713 3544 retire'
724 3489 794 3544 dans
813 3507 856 3544 ses
870 3489 1027 3563 propriete's
1038 3489 1175 3564 patrimo·

99 3579 184 3633 tuales
196 3579 231 3633 de
245 3579 381 3650 Bretagne
393 3605 398 3633 :
412 3579 484 3634 Gsel
496 3591 525 3635 et
541 3579 843 3635 stennone-lausans.

134 3668 174 3741 (3)
194 3670 288 3743 hoger
301 3670 335 3724 «le
351 3670 645 3727 barneville-sur-ller
658 3671 818 3744 (blanche).
836 3669 946 3743 Voyes,
959 3688 1007 3725 sur
1019 3668 1175 3744 l'emplace-

99 3773 176 3815 trient
186 3761 224 3814 du
235 3762 350 3815 chiteau
364 3772 392 3815 et
403 3780 450 3815 sur
460 3762 484 3815 la
494 3760 597 3817 lamille
609 3761 646 3817 de
657 3772 702 3817 cet
712 3756 821 3817 illustre
835 3761 973 3835 guerrier,
987 3771 1068 3816 notre
1080 3769 1176 3815 sarm

99 3855 153 3906 ami
168 3854 207 3905 hl.
227 3853 261 3907 de
280 3853 403 3907 Grrrille
414 3855 425 3923 (
435 3856 560 3908 Anciens
580 3853 722 3909 clrdteaux
735 3853 776 3908 du
790 3852 985 3924 department
996 3851 1032 3907 de
1044 3852 1074 3906 lc
1087 3850 1174 3907 Maa-

99 3944 162 4003 che,
178 3942 247 3995 dans
260 3943 298 3996 lus
311 3945 461 3997 Meinor'res
476 3943 513 4003 de
527 3944 555 3997 lu
567 3942 737 3998 Socie'te'des
748 3945 925 4016 antiquaires
936 3940 972 3996 cle
988 3939 1174 4009 rl‘ormuudt'e,

100 4040 119 4080 t.
135 4031 143 4082 Ι
159 4072 166 4093 ,
181 4051 208 4101 p.
224 4030 302 4104 utiq).
319 4032 406 4085 horre
419 4043 520 4087 auteur
538 4031 633 4087 oublie
649 4031 684 4086 de
697 4032 776 4099 citer,
791 4050 826 4086 an
840 4029 958 4085 nombre
969 4029 1018 4084 des
1032 4029 1176 4103 seigneurs

99 4122 147 4191 qni
163 4121 316 4174 arrii-'rent
337 4142 400 4176 arec
419 4122 444 4176 lc
463 4122 518 4178 darc
537 4120 572 4176 de
592 4121 780 4193 Norrnandie,
794 4120 820 4177 le
839 4131 931 4178 comte
943 4118 1087 4176 d‘huurale
1101 4130 1129 4175 et
1149 4119 1176 4179 le

101 4222 192 4263 rumlr
205 4211 239 4263 ds·
254 4212 406 4282 llonlogttr.
