3046 5244
224 378 285 437 nu
502 368 687 433 ntsronu
712 364 1021 429 ecctmtssnca.
1043 370 1304 447 [rm-nure}

223 508 311 581 tiaui
325 506 610 592 constituerunt,
629 520 665 577 et
685 528 767 603 quae
788 501 831 575 ad
847 501 989 575 cultum
1004 524 1104 575 verte
1116 500 1306 601 religionis

223 622 446 708 attinebant,
472 620 520 694 ibi
538 621 812 694 ordinarer-emt.
832 618 968 692 nasu!
995 618 1210 693 albarensis
1231 620 1306 691 aln-

225 740 396 815 tiocbiam
416 740 542 810 missus
557 754 628 828 est,
646 737 768 837 ibique
784 735 982 810 secuudum
1002 736 1179 811 Ecclesiae
1196 738 1303 811 ritum

224 860 335 959 digne
351 875 580 929 consecratus
593 872 658 929 est.

278 976 604 1075 dppropinquantc
617 973 785 1047 cnrrdicto
802 989 966 1073 tempore
986 976 1035 1073 ''t)
1048 978 1124 1073 jam
1141 970 1254 1047 eundi
1269 976 1304 1045 in

226 1095 445 1183 Jerusalem,
469 1107 720 1164 emnenernnt
744 1118 870 1163 omnies
892 1093 1085 1191 optimates
1108 1094 1146 1165 in
1172 1092 1306 1163 Antio-

227 1212 365 1297 chiam,
384 1226 420 1283 et
438 1224 631 1307 cmperunt
643 1232 770 1279 omnes
782 1207 827 1281 de
843 1209 1047 1283 imminenti
1069 1210 1222 1309 negotio
1237 1208 1306 1281 dis·

228 1352 368 1409 serere,
392 1350 438 1397 nc
457 1326 607 1397 ulterius
628 1324 922 1399 disturbarentur
942 1326 1151 1400 abitinere.
1173 1324 1304 1399 t'erun

231 1443 432 1542 insopibilis
448 1442 634 1515 altercatio
649 1442 694 1514 dc
717 1442 904 1516 dominatu
925 1446 1080 1517 civitatis
1099 1448 1201 1520 iuter
1215 1446 1307 1517 Baa-

231 1558 409 1633 mnndum
430 1557 558 1629 ducem
577 1573 613 1629 ct
630 1559 873 1631 llaimnudnm
892 1561 1063 1635 comitem
1080 1578 1183 1651 erat,
1202 1588 1306 1663 quam

230 1678 410 1775 majorum
426 1690 512 1745 natu
526 1673 653 1772 peritia
669 1676 792 1745 miultis
803 1692 839 1747 ct
854 1675 1041 1774 profundis
1053 1680 1306 1751 commonitio·

232 1790 339 1863 nibus
350 1814 579 1887 compescere
590 1788 775 1890 nequibat.
789 1792 890 1863 Unus
901 1790 1194 1865 dominationem
1204 1794 1307 1865 totius

233 1907 354 1993 urbis,
378 1910 468 1979 sieut
485 1908 516 1979 ei
537 1933 742 1980 concessum
759 1908 895 1995 suerat,
911 1907 998 1981 dum
1018 1934 1085 1981 nee
1098 1926 1205 2009 capta
1223 1910 1309 1983 eiri-

235 2040 287 2097 tas
314 2022 554 2107 obsideretur,
593 2020 812 2121 requirebat.
847 2024 953 2095 Alter
985 2049 1072 2097 vero
1107 2050 1308 2099 sacramen·

235 2157 312 2212 tnm
326 2142 402 2237 (a),
420 2155 530 2236 prout
546 2139 619 2236 ipsc
637 2138 868 2213 buamundus
885 2140 1175 2231 collaudarerat,
1197 2144 1308 2243 impe·

235 2258 347 2329 ratori
390 2260 569 2344 fecerant,
612 2257 878 2355 praetendebat3
913 2284 979 2331 nec
1010 2258 1204 2349 ‚ullatenus
1246 2286 1309 2361 piu

234 2371 447 2456 devitamlo,
478 2388 518 2443 ut
547 2371 745 2459 asserebat,
783 2376 941 2473 perjurio
966 2374 1124 2449 emolliri
1152 2393 1306 2475 potent.

237 2490 468 2565 buamundus
485 2492 604 2591 itaque
614 2494 816 2581 castellum,
829 2492 927 2592 (ruod
941 2494 972 2565 ei
987 2490 1170 2567 redditum
1184 2496 1307 2575 luent.

237 2612 394 2685 munivit
407 2610 588 2681 alimentis
603 2627 640 2682 et
656 2609 882 2697 bominibus,
902 2614 1011 2683 arinis
1029 2628 1065 2685 et
1081 2612 1308 2687 excubitori·

235 2728 315 2802 bus.
344 2730 473 2799 Comes
503 2728 670 2801 similiter
705 2728 877 2827 palatium
913 2728 1067 2802 Cassiani
1096 2728 1307 2811 Adminlii.

235 2846 332 2947 quod
353 2862 686 2944 praeoccupat-erat,
703 2862 739 2917 ct
758 2861 915 2935 turrem,
935 2874 1016 2947 (puae
1033 2872 1143 2947 super
1163 2864 1309 2949 pontu

234 2979 287 3035 est
310 2992 327 3033 a
356 2964 466 3034 l’nrtn
491 2962 610 3033 Satrcti
643 2963 840 3049 Simeonis,
868 2990 1097 3063 summopere
1129 2964 1306 3039 certabet.

233 3082 361 3153 Tanta.»
375 3094 480 3151 erant
495 3076 712 3150 ambitiones
725 3097 758 3150 ct
774 3080 987 3170 simultates,
1003 3098 1045 3153 ut
1058 3098 1194 3155 neuter
1209 3084 1308 3157 atteri

233 3196 416 3285 crederet,
442 3212 524 3269 uter
548 3195 615 3268 sub
638 3197 779 3295 palliata
806 3196 1005 3271 ambitione
1030 3200 1219 3275 civitatem
1244 3200 1308 3273 sibi

233 3330 440 3389 attentaret.
482 3314 556 3387 Nee
593 3316 748 3405 mirum,
783 3334 959 3417 (putantum
991 3314 1036 3389 ad
1066 3318 1252 3393 bonorem
1274 3336 1308 3391 et

233 3436 439 3506 utilitatem.
462 3432 651 3505 altatioclria
669 3434 844 3535 siquidem
860 3436 984 3507 civitas
996 3450 1048 3507 est
1063 3434 1308 3533 pulcherrim

231 3568 267 3623 et
293 3552 529 3622 munitissima
553 3567 585 3620 et
611 3554 839 3649 copiosorum
869 3552 1075 3625 reddituum
1101 3554 1307 3653 opulentis·

231 3670 332 3739 sima.
353 3670 444 3739 Stant
464 3668 553 3738 iulia
576 3670 686 3767 ipsam
707 3687 864 3769 ‹pitaitnor
880 3688 1083 3744 montanee
1102 3671 1189 3743 satis
1205 3670 1308 3759 atto,

233 3786 270 3857 in
301 3810 453 3883 «pisanum
482 3809 570 3871 nrm,
601 3785 803 3859 sublimiori
835 3788 987 3875 scilieet,
1019 3787 1210 3863 castellum
1234 3806 1304 3867 est.

240 3962 562 3977 --——-—--
593 3966 772 3977 ---,—-
779 3968 898 3979 ------
911 3968 970 3979 ..-
1036 3968 1104 3977 ......
1122 3968 1163 3977 -.Ι
1189 3962 1306 3977 ¹*-

266 4058 307 4127 (ι)
322 4056 356 4107 la·
374 4066 406 4107 1¹¹
423 4056 580 4109 nntrndur.

268 4148 307 4211 (a)
326 4146 435 4213 -tjuum
451 4168 455 4175 ·
472 4146 556 4217 ape-nd.
