3046 5244
232 470 389 549 {tat-7⁵2]
584 467 701 529 utun
720 467 923 533 SEPTIMUS.
1226 471 1285 532 1³7

230 625 308 674 anm
320 597 475 673 Galliam
488 596 669 673 devastare
683 601 808 700 ooepit.
823 599 903 694 Quo
919 614 1082 698 tempore
1097 596 1287 674 destructas

227 715 399 805 wluin,
419 713 584 789 subversa
597 717 828 807 monasteria,
848 730 962 816 captae
978 712 1104 803 nrbes,
1119 713 1289 790 desolatae

222 830 376 919 domum
401 830 519 905 diruta
547 847 678 923 eastra,
707 848 841 934 strages
869 831 1058 907 hominm
1088 831 1289 906 innumeras

228 951 344 1039 iaetu,
370 962 409 1023 et
428 949 563 1023 multus
584 947 718 1050 ubique
739 948 886 1024 humani
906 949 1049 1051 generis
1068 948 1211 1049 sanguis
1230 949 1287 1047 (ι)

228 1063 367 1141 dmm.
389 1063 441 1137 Ea
462 1079 670 1165 tempestate
690 1066 896 1167 gravissime
912 1090 979 1166 per
1001 1079 1112 1140 totam
1133 1063 1288 1139 Galliam

226 1180 443 1269 detonabant
459 1181 649 1270 Wandali,
670 1184 791 1258 omnia
812 1179 965 1257 flammis
985 1181 1142 1256 et'serso
1161 1194 1289 1280 prote-

225 1316 355 1375 rentes.
370 1299 692 1401 Pervenientesqne
707 1301 864 1376 Senones
880 1301 1079 1390 civitatem,
1096 1313 1289 1398 coeperunt

225 1440 300 1491 eam
314 1417 417 1493 omni
433 1431 511 1490 arte
522 1417 648 1518 jaculis
664 1433 701 1490 et
715 1416 889 1492 machinis
905 1417 1082 1491 infestare.
1101 1415 1190 1510 Quoe
1208 1438 1289 1489 oer-

226 1557 311 1607 nens
330 1534 462 1633 praesul
474 1531 630 1633 ejusdem
643 1532 765 1623 urbis,
781 1533 908 1610 Eboba
922 1535 1087 1624 nomine,
1106 1532 1228 1606 exiens
1243 1528 1288 1605 de

226 1650 365 1724 civitate
380 1677 464 1759 eum
479 1650 569 1742 suis,
592 1651 704 1725 fretus
724 1650 844 1727 divina
860 1653 1014 1741 virtute,
1035 1650 1288 1727 exterminavit

227 1765 302 1843 illos
322 1766 370 1840 ab
392 1767 492 1842 urbis
514 1767 726 1860 obsidione,
743 1769 1030 1871 fugientibusque
1051 1769 1139 1856 iilis,
1163 1791 1288 1868 perse·

227 1899 324 1957 entus
351 1902 406 1959 est
434 1910 512 1975 eos,
544 1912 655 1987 usque
685 1885 771 1961 dum
803 1886 1062 1988 egrederentur
1086 1886 1130 1961 de
1155 1884 1288 1961 finibus

228 2001 290 2075 sais
306 2003 377 2099 (a).
475 2062 480 2073 .

271 2114 381 2191 Anno
389 2117 982 2208 Dominincn⁰xn⁰r⁰,obiitlinrolus
991 2117 1288 2216 Martellnsprin-

233 2254 320 2327 οφ,
342 2232 572 2333 sepultusque
588 2249 641 2306 est
658 2234 695 2307 in
712 2232 856 2306 basilica
873 2233 992 2307 sancti
1010 2216 1287 2329 Dionysiil'nri·

235 2343 292 2419 sins
305 2348 376 2446 (ὃ).
394 2349 461 2422 liic
479 2374 535 2422 res
550 2349 779 2424 ecclesiarum
794 2365 945 2449 propter
961 2346 1199 2421 assiduitatem
1214 2344 1289 2418 bel·

236 2456 340 2536 lorum
366 2464 464 2538 laicis
484 2464 641 2538 tradidit.
667 2466 748 2560 Quo
768 2480 936 2554 mortuo,
961 2465 1228 2538 karlomannus
1251 2477 1288 2536 et

238 2575 409 2678 Pippinus,
430 2580 494 2654 filii
511 2583 602 2682 ejus,
623 2585 866 2683 principatum
883 2581 1092 2681 suscipiunt.

275 2694 379 2772 Anno
395 2698 540 2772 Domini
554 2715 628 2772 »ω
640 2716 689 2790 ι’,
704 2702 876 2800 Pippinus
887 2701 1020 2773 electus
1031 2714 1084 2771 est
1096 2698 1132 2770 in
1143 2721 1286 2797 regem,

243 2826 267 2882 st
279 2812 515 2908 Chiidericus,
537 2818 600 2916 qni
617 2816 661 2890 de
677 2818 788 2916 stirpe
804 2815 973 2892 Clodovei
994 2815 1086 2915 regis
1104 2837 1288 2888 remanse-

244 2945 300 3017 nt,
317 2948 520 3008 tonsoratus
533 2950 585 3008 est
602 2936 670 3032 (4).
690 2935 757 3009 liic
772 2933 893 3009 deficit
910 2931 1100 3034 progenies
1116 2929 1286 3006 Ciodovei

246 3047 327 3143 regis.

248 3229 552 3248 κῇ.-

271 3349 302 3421 (ι)
313 3352 435 3409 Humani
446 3359 603 3429 sanguinis.
620 3358 671 3412 Mt.
684 3358 712 3414 S.
728 3357 856 3413 Audoeni
872 3356 1092 3429 Rotomagensis.

271 3436 301 3507 (a)
316 3443 355 3496 Au
374 3442 431 3497 lieu
448 3432 570 3499 d’Eboba
590 3444 675 3500 lissa:
695 3447 814 3513 Bbbon,
835 3456 864 3501 et
882 3462 918 3500 au
937 3445 993 3501 lieu
1007 3444 1056 3499 dos
1074 3440 1229 3507 Vandaies,
1246 3441 1287 3495 tes

250 3518 378 3586 &unsina
393 3533 525 3604 (Iesie'ge,
538 3535 590 3589 mis
604 3554 655 3608 par
666 3554 720 3590 eux
733 3536 834 3591 devant
847 3534 872 3588 ia
883 3533 947 3590 ville
956 3532 991 3589 de
1000 3535 1078 3600 Sans,
1092 3533 1181 3606 parsit
1191 3530 1287 3585 devoir

248 3608 291 3667 iun
301 3626 423 3694 rapporte'
434 3626 449 3677 i
463 3622 569 3679 l'anne'e
584 3623 645 3699 732.

273 3701 303 3776 ὅ)
313 3710 423 3767 Charles
436 3712 537 3767 Marte!
549 3724 664 3768 mourut
673 3733 707 3768 en
721 3713 786 3769 effet
796 3711 1080 3784 *aQuierri-sur·0iso
1093 3709 1120 3764 lo
1128 3724 1162 3764 αα
1171 3706 1286 3764 octobre

251 3792 294 3859 iit,
303 3808 326 3852 tt
337 3801 377 3855 iut
388 3805 501 3856 auterre
512 3805 526 3856 ai
540 3802 728 3858 saint-nonis.

274 3881 303 3953 ii)
318 3887 401 3962 Pepin
415 3890 459 3945 sut
476 3891 615 3964 proclame'
632 3894 673 3948 roi
688 3892 756 3947 dans
769 3891 936 3948 t’assembtte
948 3889 1075 3966 generale
1087 3888 1123 3943 de
1136 3886 1161 3940 ia
1174 3885 1283 3945 nation,

251 3968 385 4048 ιδοὶιεοιη,
397 3999 433 4035 en
447 3999 521 4035 mars
534 3983 600 4056 752,
615 3993 644 4038 et
657 3986 733 4037 sucre
750 4002 803 4056 peu
816 3982 852 4038 do
863 3984 942 4055 jonrs
955 3982 1034 4054 apris
1052 3997 1102 4053 par
1116 3977 1187 4032 saint
1200 3973 1284 4027 ttoni-

251 4050 302 4117 (tea,
314 4070 480 4143 traheaeque
498 4070 533 4125 de
554 4073 694 4144 bistones.
711 4073 854 4128 ctiitdorie
870 4075 913 4129 sut
926 4073 1037 4144 rele'gud
1049 4074 1065 4125 'a
1076 4064 1282 4125 saint-nertin.

251 4152 313 4287 ppo
324 4157 361 4211 ns
375 4160 490 4215 antem
506 4163 519 4213 s
534 4161 705 4228 ronanus,
718 4163 894 4234 enjorannus
905 4156 1155 4218 saint-tt'andritte
1172 4156 1181 4221 t
1188 4154 1280 4207 Scine-

263 4249 373 4298 '‘trtenra·
382 4250 401 4314 ).
