3046 5244
89 529 196 609 [toas]
453 524 571 585 staua
591 522 796 585 suertuus.
1101 529 1160 589 sn

91 661 189 732 tione
220 668 294 745 xv¹‚
322 656 410 729 dens
440 657 524 729 almi
553 657 764 729 confessoris
793 654 956 745 Nicolai,
975 684 1059 733 cum
1086 659 1166 733 aliis

90 776 306 848 Sanctorum
328 772 489 873 reliquiis
512 797 532 842 a
553 769 750 845 Guillelmo
772 771 939 846 Pantulfo
964 772 1009 847 de
1035 773 1182 873 Apulia'

90 888 228 961 delatus
238 905 312 976 est,
329 904 366 960 et
379 888 416 960 in
431 885 574 960 basilica
588 886 819 975 Naromensi,
841 888 878 960 in
896 886 1036 963 bonore
1052 889 1165 965 sancti

92 1007 186 1079 Petri
199 1008 321 1106 prisco
335 1023 500 1104 tempore
512 1003 671 1092 condita,
685 1003 885 1079 honorilice
898 1023 1093 1106 susceptas.
1108 1006 1165 1081 Ad

93 1122 1162 1223 hancntiquesusceptionemllogerius,Uticensisabbas(s),

93 1258 128 1313 et
143 1238 329 1326 liudulfus,
353 1255 438 1313 tuuc
453 1240 625 1338 temporis
647 1239 824 1338 sagiensis
842 1237 970 1329 abbas,
991 1239 1164 1341 sedpost-

93 1357 242 1433 modum
273 1358 539 1431 cantuariensis
569 1356 855 1456 archiepiscopus
886 1358 966 1456 (a),
1003 1360 1165 1433 accersiti

94 1492 194 1564 sunt,
208 1493 245 1548 et
263 1503 344 1549 cum
360 1476 497 1576 ingenti
515 1474 635 1548 studio
648 1474 930 1565 monachorum,
947 1502 988 1550 ac
1006 1476 1166 1578 tripudio

97 1593 287 1682 laicorum,
310 1610 448 1666 satietas
465 1594 635 1693 reliquias
652 1617 775 1666 mense
789 1594 894 1693 junio
912 1611 1165 1694 susceperunt,

96 1727 130 1782 et
155 1713 193 1783 in
217 1727 385 1811 argentea
410 1709 532 1810 pixide
557 1738 576 1783 a
599 1710 806 1811 supradicto
829 1713 945 1786 milite
968 1710 1168 1788 liberaliter

96 1846 215 1927 parata
239 1827 434 1927 diligenter
456 1845 728 1928 coaptaverunt.
754 1827 978 1930 Frequenter
999 1856 1018 1902 a
1043 1830 1167 1903 multis

96 1944 404 2038 febricitantibus,
435 1962 472 2019 et
498 1944 544 2019 ab
577 1947 655 2020 aliis
690 1946 951 2046 aegrotantibus
979 1947 1167 2047 saepedicta

97 2065 247 2164 pignora
270 2064 438 2165 requisita
457 2080 558 2154 sunt,
582 2063 792 2165 meritisque
809 2064 894 2138 almi
919 2066 1082 2164 praesulis
1097 2064 1168 2139 Ni·

98 2181 185 2254 eolai
204 2181 263 2280 pie
279 2181 499 2280 postulantes
515 2196 674 2281 optatam
691 2183 879 2254 sauitatem
896 2178 1015 2280 adepti
1032 2196 1131 2254 sunt.

145 2297 229 2371 Non
251 2299 369 2374 multo
387 2315 468 2397 post
483 2299 652 2398 prefatus
668 2296 773 2371 beros
792 2322 897 2369 nove
915 2295 1071 2372 basilice
1087 2299 1170 2372 fuo-

98 2411 263 2488 damenta
274 2415 469 2505 inchoavit,
480 2414 642 2517 datisque
651 2439 699 2488 xx
709 2416 988 2516 marcisargenti
1001 2441 1169 2517 magnam

98 2534 215 2633 operis
234 2552 372 2634 partem
391 2533 516 2608 edidit.
538 2532 606 2607 Sed
630 2532 797 2633 pluribus
820 2533 1027 2606 infortuniis
1048 2539 1170 2607 insur-

98 2651 264 2750 gentibus
280 2680 370 2752 opus
389 2651 601 2752 impeditum
617 2669 687 2735 cst,
710 2666 748 2724 et
768 2651 812 2723 ad
834 2649 1023 2739 ellectum,
1049 2653 1169 2751 primo

98 2768 287 2843 fundatore
304 2772 502 2859 moriente,
521 2768 734 2869 perductum
751 2795 825 2842 uon
843 2784 910 2841 est.
929 2768 1008 2868 lpse
1023 2766 1170 2870 quidem

101 2899 134 2957 x⁰
147 2899 200 2958 νιο
211 2885 379 2958 kalendas
395 2887 498 2975 maii,
517 2903 553 2958 et
571 2886 713 2959 Leelina
734 2912 826 2960 tuor
842 2887 916 2984 ejus
933 2894 989 2958 x1⁰
1003 2882 1171 2960 kalendas

99 3002 258 3077 octobris
269 3002 426 3078 defuncti
440 3020 539 3092 suut,
556 3020 591 3077 et
607 3002 740 3077 ibidem
755 3006 791 3077 in
805 3004 962 3077 claustro
973 3003 1172 3079 monacho-

102 3146 180 3190 rum
197 3119 325 3219 sepulti
342 3121 584 3219 requicscunt.
601 3118 670 3192 Sed
681 3118 867 3219 Philippus
882 3135 919 3191 et
935 3119 1114 3193 Robertus
1130 3146 1171 3194 ac

101 3235 163 3309 lvo
177 3252 214 3308 et
228 3236 420 3327 Arnulfus,
436 3237 498 3310 lilii
514 3263 660 3326 eorum,
677 3236 791 3309 studia
804 3252 995 3335 parentum
1012 3239 1049 3309 iu
1062 3238 1172 3312 eccle·

103 3354 248 3428 siasticis
288 3352 395 3427 rebus
432 3355 588 3453 perfecte
624 3352 760 3451 assequi
797 3350 963 3425 nondum
1004 3352 1173 3428 intende-

104 3488 190 3542 runt
210 3473 279 3570 (ὅ).
302 3474 388 3545 Haec
411 3473 530 3571 itaque
547 3470 592 3543 de
611 3469 843 3542 translatione
868 3470 1032 3568 eorporis
1057 3472 1169 3545 sancti

137 3689 176 3757 (t)
192 3686 285 3758 llogcr
299 3684 336 3737 du
350 3685 413 3757 Sap.

139 3784 177 3848 (a)
192 3776 281 3831 llaoul
293 3764 432 3829 d'Ecures.
448 3775 543 3846 Voyez
555 3772 702 3839 ct-dessus,
719 3790 745 3845 p.
761 3770 802 3826 16.

138 3866 176 3939 ὦ)
194 3868 287 3939 l'oyez
299 3870 314 3920 a
327 3884 381 3938 peu
396 3866 459 3939 pres
472 3864 510 3920 les
524 3865 627 3920 memes
640 3861 739 3918 details
755 3861 824 3917 daus
840 3861 880 3917 les
892 3864 996 3919 memes
1012 3874 1114 3919 termes
1130 3868 1170 3921 ci·

108 3959 211 4024 dessos,
226 3967 246 4012 t.
261 3958 303 4022 ll,
320 3978 345 4030 p.
360 3953 422 4023 άῦίΙ

139 4048 184 4103 οη
198 4051 253 4102 voit
267 4047 372 4121 figuter
383 4045 441 4102 l’un
452 4045 541 4101 deses
551 4061 751 4120 ptenonnsges,
767 4041 874 4097 Robert
887 4043 1020 4108 Pautoul,
1033 4044 1174 4115 pumiles

109 4138 267 4209 spoliateurs
285 4139 320 4192 ‹lc
340 4138 473 4210 l'Abbaye
492 4156 544 4192 aux
563 4137 664 4192 Danaes
675 4134 711 4190 de
730 4135 821 4200 caen,
840 4135 921 4207 apres
937 4132 963 4187 la
983 4144 1058 4188 mort
1074 4132 1112 4188 du
1130 4139 1175 4194 roi

109 4230 278 4297 (foillanum,
293 4241 322 4286 ct
335 4228 391 4287 l'ou
405 4227 500 4283 evalue
513 4231 527 4282 l
542 4228 582 4283 sir
597 4225 679 4282 lieres
694 4223 836 4298 d'srgeut‚
849 4221 919 4277 daos
934 4220 960 4277 le
975 4222 1122 4280 cartulaire
1138 4227 1174 4283 de

110 4320 239 4397 l'abbsye,
254 4321 294 4378 fes
310 4331 403 4395 perte-s
418 4320 529 4375 nausees
544 4336 595 4395 par
613 4334 656 4375 ses
672 4314 868 4373 de‘tsstatioas.
887 4310 936 4369 On
953 4312 1063 4385 sancolt
1079 4312 1175 4375 heile.
