3046 5244
228 462 310 541 [sss]
610 457 903 521 iisrnsuxrus.
1224 456 1282 517 ios

228 592 387 669 tradidit.
407 595 449 667 ln
465 593 659 691 partitione
675 592 831 665 aliorum
843 591 976 664 ossium
989 589 1087 662 nulls
1101 586 1287 662 difficultas

225 713 303 785 luit.
321 709 593 783 Aurelianenses
601 709 783 782 enimosso
795 708 906 782 sancti
918 704 1289 780 Ebremundiabbatis

226 825 290 899 sibi
308 826 499 925 elegerunt
514 826 591 921 (i);
610 850 686 898 ossa
703 849 791 898 vero
808 824 920 898 sancti
934 822 1104 897 Ansberti
1122 823 1288 898 monaehi

227 941 379 1019 lladulso
394 941 583 1016 dederunt.
604 944 682 1040 lpse
697 966 784 1016 vero
799 969 883 1015 cum
898 957 1000 1015 tanto
1017 941 1187 1015 thesauro
1202 943 1292 1014 lies-

227 1059 355 1133 bacum
378 1060 433 1155 (a)
456 1058 654 1145 festinavit,
677 1073 713 1131 et
737 1056 851 1131 eidem
869 1055 1059 1146 coenobio,
1081 1056 1165 1158 quia
1181 1058 1292 1129 frater

227 1193 261 1251 et
286 1178 425 1249 amicus
453 1191 554 1264 erat,
580 1173 709 1251 devote
737 1173 886 1248 obtulit.
913 1173 1149 1248 llesbaoenses
1174 1188 1293 1247 autem

227 1291 386 1367 candidis
402 1291 683 1392 holosericisque
705 1291 860 1365 vestibus
883 1290 999 1365 induti
1021 1307 1291 1391 prooesserunt,

227 1436 309 1485 eum
334 1410 447 1484 nereis
468 1407 677 1501 ardentibus
697 1425 735 1481 et
757 1407 951 1482 thuribulis
970 1406 1190 1482 fumantibus
1205 1406 1295 1480 reli-

227 1527 328 1625 quias
353 1525 589 1623 tripudiantes
612 1541 863 1624 susceperuut,
881 1542 919 1598 et
936 1528 1046 1626 usque
1066 1523 1172 1599 bodie
1189 1548 1296 1598 reve-

228 1659 352 1717 rentes·
368 1642 628 1717 custodierunt.
648 1644 751 1717 Tunc
773 1641 962 1729 Radullus,
987 1659 1028 1715 ut
1049 1641 1094 1715 de
1115 1640 1297 1715 benefieiis

227 1759 298 1830 suis
319 1757 554 1832 ecelesiastica
582 1784 638 1831 res
662 1774 976 1858 augmentaretur,
1003 1757 1155 1830 Portum
1179 1755 1296 1830 illno-

231 1877 283 1947 uis
299 1876 358 1971 (5)
375 1891 412 1947 et
427 1874 623 1949 Bonolium
634 1875 689 1972 (4)
702 1874 870 1962 donarit,
888 1891 925 1948 et
941 1900 987 1949 ne
1003 1875 1090 1975 quid
1104 1873 1238 1948 deesset
1253 1874 1296 1946 ad

229 1989 433 2065 condendas
459 2016 587 2065 eorum
618 1991 755 2081 thecas,
786 2016 956 2092 magnam
980 1995 1057 2065 auri
1086 1993 1297 2094 argentique

230 2107 465 2205 quantitatem
477 2105 643 2195 donarit,
658 2134 731 2207 pro
742 2107 873 2208 quibus
886 2108 1021 2181 eaoiiiis
1034 2107 1129 2181 idem
1143 2106 1250 2183 beros
1260 2108 1297 2180 in

228 2223 392 2311 eoetuis,
412 2240 453 2297 ut
468 2223 658 2298 defunctus
673 2240 745 2316 est,
764 2226 906 2323 sepeliri
926 2226 1072 2298 meruit.
1148 2216 1153 2227 ’

244 2378 499 2391 *Q*

262 2441 301 2509 (ι)
317 2437 482 2511 Cependant
500 2439 539 2493 les
558 2439 700 2495 habitante
717 2439 752 2493 dc
765 2439 840 2495 Creil
853 2440 957 2495 e'taient
969 2458 1004 2494 eu
1017 2439 1187 2513 possession,
1200 2439 1299 2514 depuis

232 2528 255 2582 le
273 2544 300 2582 x·
317 2526 416 2593 siecle,
435 2525 474 2583 du
491 2547 572 2603 corps
586 2529 622 2585 de
637 2530 709 2584 saint
727 2517 897 2597 Erremond,
916 2528 999 2603 qu’ils
1014 2527 1134 2585 disaient
1147 2528 1208 2584 leur
1224 2530 1299 2586 avoir

232 2622 273 2673 ete'
287 2622 408 2692 apporto
424 2616 608 2675 directement
625 2640 675 2692 par
695 2639 733 2675 un
753 2621 856 2695 eaeque
872 2619 909 2675 de
925 2621 991 2676 Se'ea
1007 2636 1043 2676 en
1055 2624 1126 2695 ρας
1143 2622 1211 2676 mais
1227 2628 1300 2677 oette

231 2706 409 2765 &oenoe
424 2707 462 2763 de
477 2707 554 2764 dates
570 2719 613 2764 est
628 2727 684 2764 nne
699 2711 790 2765 raison
807 2709 845 2764 de
859 2710 923 2782 plus
934 2726 1075 2785 pnurqus
1086 2726 1158 2765 uuus
1171 2710 1301 2783 pensioni

232 2797 297 2869 qu’il
310 2796 374 2853 leur
383 2798 457 2853 avait
470 2802 514 2855 ete'
526 2797 620 2855 donne
634 2818 684 2871 par
697 2799 785 2856 Raoul
800 2797 836 2854 de
849 2800 967 2867 Brachi,
985 2799 1047 2856 leur
1061 2800 1159 2855 soisiu.
1172 2800 1223 2857 lies
1235 2800 1300 2858 Cal·

233 2888 342 2943 rinistes
359 2886 504 2944 brdldrent
519 2907 563 2944 ees
580 2889 700 2963 reliques
711 2894 726 2944 'a
739 2890 866 2964 l'epoque
880 2888 928 2944 des
942 2908 1054 2963 guerres
1067 2890 1102 2946 de
1115 2889 1248 2963 religion3
1262 2891 1300 2945 les

232 2976 383 3031 ‹banoines
395 2976 589 3050 pretendirent
600 2980 676 3033 avoir
690 2981 771 3033 saure
780 2979 806 3032 le
815 2978 882 3032 chel
891 2977 928 3031 du
943 2978 1034 3044 saint,
1049 2978 1118 3033 niuis
1131 2976 1163 3032 ils
1176 2977 1300 3033 l‘asaient

233 3083 255 3119 st
265 3065 333 3121 bien
345 3067 446 3133 caelati,
459 3066 529 3141 qu’il
542 3086 577 3123 ne
591 3068 635 3125 lut
643 3069 742 3139 jamais
755 3067 873 3140 possible
885 3067 920 3123 de
931 3067 958 3122 le
970 3079 1123 3123 retrouver.

266 3154 305 3221 (a)
318 3151 451 3225 L'abbaye
464 3153 500 3209 de
514 3154 616 3209 Rebais
629 3173 664 3210 en
674 3155 751 3222 Brie,
766 3155 866 3211 londee
878 3175 929 3228 par
941 3156 1014 3210 saint
1025 3156 1109 3211 Ouen
1120 3175 1156 3210 nn
1167 3154 1230 3222 (ἰδέ.
1243 3155 1301 3209 lille

234 3241 349 3316 s'appela
365 3242 481 3299 d’abord
492 3242 660 3311 Jerusalem,
677 3246 741 3317 puis
754 3245 807 3300 elle
819 3247 877 3318 prit
888 3264 938 3300 son
952 3264 1018 3300 nous
1031 3244 1099 3300 d'uu
1112 3256 1220 3302 torrent
1237 3247 1300 3319 pris

234 3332 337 3407 doquel
348 3333 400 3389 elle
413 3336 482 3390 etait
493 3336 576 3391 bitie.
589 3336 668 3391 Saiut
679 3335 762 3409 sigile
779 3353 815 3391 en
833 3336 876 3390 lut
891 3335 918 3391 le
935 3336 1056 3409 premier
1071 3335 1157 3403 abbe,
1170 3347 1199 3393 et
1211 3355 1242 3391 oo
1258 3336 1301 3390 lat

236 3421 301 3477 &aa
311 3441 363 3479 son
374 3426 433 3479 sein
445 3444 501 3499 que
512 3427 584 3480 saint
599 3425 730 3493 filibert,
744 3425 891 3482 loudateur
903 3425 938 3482 de
951 3429 1108 3500 Jumie'gss,
1125 3427 1263 3483 enslirassa
1276 3428 1300 3481 la

236 3532 276 3569 ne
287 3517 471 3589 monitique.

268 3602 305 3673 (ὅ)
322 3606 469 3662 Prot-titre
485 3607 511 3661 le
527 3607 644 3662 haman
661 3607 815 3676 d’llunois,
830 3626 879 3663 sur
893 3608 919 3662 le
932 3607 1003 3662 bord
1015 3607 1087 3662 dela
1100 3608 1209 3674 blame,
1223 3619 1302 3664 entes

237 3693 490 3751 cauas-Thiern
506 3706 536 3751 et
552 3695 677 3751 Ronneil.
696 3697 770 3753 Dans
781 3715 837 3752 one
848 3696 925 3751 bullo
937 3706 1086 3752 contenant
1097 3695 1123 3750 lo
1135 3696 1301 3752 denonabre·

239 3794 312 3837 nent
323 3783 371 3839 des
381 3784 462 3839 biens
474 3785 509 3840 de
523 3784 645 3859 l'abbaye
656 3785 691 3841 de
702 3787 802 3842 Rebais
812 3806 848 3843 en
866 3785 946 3856 113⁵,
958 3806 997 3842 on
1008 3807 1044 3843 ne
1055 3789 1112 3842 voit
1125 3787 1188 3860 plus
1199 3788 1303 3861 ligurer

239 3870 395 3935 Bonolium.
414 3876 485 3929 rnais
502 3893 573 3929 nous
588 3895 704 3949 croyons
716 3896 734 3949 y
747 3878 921 3933 reoonnaltro
935 3879 1039 3933 Portus
1051 3878 1186 3943 Alsiensi,
1200 3895 1263 3932 sous
1277 3879 1303 3931 lu

240 3978 299 4016 nous
315 3963 543 4034 (probablement
559 3964 645 4021 aliare
663 3985 712 4040 par
729 3966 929 4040 l’impriineur)
943 3966 978 4020 de
999 3968 1139 4023 Portel'on.
1152 3985 1217 4020 arec
1229 3977 1302 4020 cette

240 4052 308 4107 t‘ule
326 4053 495 4117 indication,
511 4054 580 4128 qu'il
597 4058 663 4111 sitait
677 4060 748 4112 sitne
761 4077 807 4112 sur
819 4058 845 4112 le
859 4058 929 4112 liord
943 4057 1013 4112 dela
1028 4060 1132 4113 Martio.
1148 4057 1171 4109 ΙΙ
1184 4057 1300 4111 faudrait

239 4140 286 4197 lire
297 4144 372 4199 alors
386 4170 390 4195 :
409 4144 570 4199 Porlelnnn.

268 4238 307 4301 'lj
322 4234 536 4287 l'robalrlsnirnt
553 4236 681 4293 llonnril.
696 4250 773 4289 vntir
786 4218 1040 4290 ‹ltilicsussttnn-it
1054 4247 1079 4287 rt
1096 4237 1207 4291 tta-aelst.
