3046 5244
237 438 392 511 [ttntttate
406 434 498 513 1099]
624 431 743 495 hthEtt
762 431 901 497 NONUS.
1103 442 1106 447 '
1242 434 1305 497 «¹185

238 580 399 653 rexerat,
421 562 575 639 firmiter
596 564 776 666 spondent
794 564 897 669 quod
912 562 1123 639 Christianis
1139 562 1307 665 pacificus

237 698 346 770 esset,
365 697 402 755 et
419 683 531 755 mults
547 681 593 757 de
608 684 680 756 suis
697 682 855 758 libenter
869 683 1091 784 impartiret,
1110 697 1148 757 et
1161 705 1229 782 per
1244 698 1311 755 to-·

238 815 316 872 tum
332 788 487 900 regnum
500 827 604 874 suum
614 800 812 901 ¹copiosum
826 816 1027 875 mercatum
1041 799 1304 901 suppeditaret,

235 917 305 990 nisi
324 915 369 990 ad
383 942 466 990 eum
478 914 817 1008 exhereditandum,
836 918 894 992 rel
910 942 1065 1019 regnum
1078 941 1183 991 suum
1194 916 1307 1016 depo-

234 1032 435 1133 pulandum
465 1033 689 1111 Francorum
713 1061 827 1137 genus
859 1034 1079 1113 indomitum
1105 1032 1303 1110 anhelaret.

237 1150 324 1226 lnde
341 1151 526 1225 fidelitsss
543 1178 629 1254 rege
640 1151 855 1229 Christianis
869 1155 960 1229 locta
973 1170 1040 1227 est.
1055 1151 1192 1228 Deinde
1207 1178 1227 1224 s
1243 1151 1308 1225 Ga·

234 1268 371 1369 phurda
393 1295 519 1343 omnes
543 1270 672 1371 egressi
698 1287 802 1363 sunt,
825 1288 863 1346 et
883 1296 983 1345 secus
1007 1270 1158 1344 fluvium
1183 1270 1308 1344 Fortu

233 1410 349 1485 prope
365 1386 561 1460 Caesaresm
575 1404 688 1461 costra
703 1389 826 1461 metati
842 1404 940 1463 snrrt.
958 1385 1094 1463 Videns
1109 1403 1229 1461 sutem
1242 1411 1307 1460 rex

234 1503 391 1577 Francos
415 1516 530 1603 prope
552 1503 682 1577 urbem
707 1531 807 1579 susm
832 1503 1046 1606 hospitatos,
1072 1500 1308 1577 vehementer

235 1619 410 1711 indoluit,
430 1637 467 1694 et
480 1621 646 1695 celeriter
663 1621 736 1695 illis
753 1620 831 1696 htec
842 1620 1030 1697 mundavit
1045 1650 1054 1692 z
1070 1620 1156 1695 Nisi
1165 1646 1307 1693 susumo

233 1739 399 1812 diluculo
412 1767 437 1811 α
454 1741 617 1813 ct'uitatt's
632 1756 765 1814 nostro·
781 1738 954 1813 suburbio
965 1754 1091 1812 eastra
1105 1753 1231 1811 oestro
1248 1762 1308 1809 te·

234 1859 439 1946 moveritis,
457 1852 659 1954 vossoedus
670 1859 803 1931 initum
817 1854 1028 1944 violabitis,
1045 1880 1184 1955 nosque
1201 1852 1306 1927 nobis

234 1993 432 2048 mercatum
445 1979 671 2077 promissum
690 1974 915 2066 vetabimus,
939 1998 1080 2073 nosque
1095 1970 1200 2065 nobis
1213 1996 1308 2072 pro-

233 2090 449 2164 videbimus.
468 2092 573 2165 Mane
589 2091 701 2193 igitur
715 2091 810 2167 facto
819 2146 831 2183 ,
846 2091 937 2167 duos
952 2089 998 2163 de
1018 2089 1089 2163 suis
1106 2086 1152 2161 sd
1170 2112 1232 2161 eos
1245 2084 1307 2159 di·

235 2208 348 2297 reriit,
368 2209 430 2310 qui
447 2209 526 2284 illos
542 2208 694 2285 evadare
718 2208 870 2285 ssuvium
885 2208 1099 2299 edocerent,
1112 2223 1150 2282 et
1164 2206 1305 2280 exerci-

234 2342 312 2398 tum
331 2326 366 2397 in
381 2315 923 2403 serramsertiten'dsdnoerent.
940 2328 1176 2401 Intraverunt
1187 2340 1305 2397 autem

232 2444 427 2545 quamdam
440 2444 569 2517 vallem
577 2448 736 2545 opimam
753 2462 791 2519 et
802 2445 1035 2545 locupletem,
1050 2444 1108 2519 cui
1122 2459 1307 2541 supererat

234 2553 434 2651 castellum,
445 2561 544 2663 quod
556 2564 740 2663 extemplo
750 2563 959 2639 consulibus
967 2563 1050 2637 lecit
1059 2559 1304 2635 securitatem.

233 2676 437 2777 Depraedati
454 2695 636 2781 suntergo
647 2680 859 2754 animalium
872 2678 918 2753 ad
931 2679 1092 2780 quinque
1107 2674 1237 2749 millia.
1250 2672 1305 2746 lbi

231 2795 340 2868 etiam
375 2795 531 2868 multum
564 2794 800 2871 diversorum·
824 2797 1084 2870 alimentorum
1119 2806 1305 2891 repertum

232 2928 302 3000 est,
319 2928 355 2983 et
375 2939 450 3010 prae
469 2913 632 2988 ubertate
651 2916 808 3015 gratuita
834 2928 910 2988 tota
927 2911 1063 2985 Christi
1091 2908 1220 2984 militia
1247 2932 1307 2980 re-

231 3029 321 3103 secta
338 3047 402 3101 est.
428 3030 631 3104 Castrenses
648 3034 758 3105 etiem
780 3032 954 3106 exercitui
978 3028 1158 3104 dederunt
1173 3052 1304 3128 equos,

232 3172 432 3246 aurumque
454 3147 703 3245 purissimum,
720 3149 945 3247 multamque
962 3146 1174 3246 pecuniam,
1193 3159 1230 3216 et
1242 3145 1306 3243 ju-

230 3279 404 3334 raverunt
420 3289 456 3336 se
481 3263 681 3362 peregrinis
698 3262 903 3337 nullatenus
917 3260 1085 3360 deinceps
1098 3261 1304 3347 nocituros,

228 3407 345 3481 neque
362 3380 513 3453 subinde
527 3397 728 3454 mercatum
741 3382 791 3454 eis
803 3379 1070 3481 prohibituros.
1091 3378 1305 3451 Manserunt

227 3513 348 3569 sutem
379 3495 427 3567 ibi
453 3495 579 3569 diebus
599 3497 775 3598 quinque.
803 3497 942 3584 Porro,
965 3493 1049 3567 inde
1071 3490 1241 3591 digressi,
1259 3490 1303 3564 ad
1326 3588 1335 3603 ο

226 3613 407 3714 quoddam
433 3614 593 3687 Arabum
609 3615 864 3715 applicuerunt
886 3627 1057 3686 cestrum.
1082 3610 1169 3683 Mox
1192 3609 1305 3709 igitur

227 3734 362 3805 castelli
381 3733 547 3806 dominus
576 3759 658 3806 cum
686 3733 736 3807 eis
763 3732 949 3806 locuturus
965 3729 1096 3817 exivit,
1115 3742 1152 3800 et
1177 3748 1303 3826 pacem

225 3851 331 3940 lecit,
352 3880 434 3953 quae
453 3853 598 3952 utrique
617 3852 710 3951 parti
729 3851 877 3952 plucuit.
895 3849 1201 3950 Demigraverunt
1220 3838 1304 3917 inde

227 3967 272 4041 nd
290 3971 472 4043 civitatem
498 3970 799 4071 Cephaliam(1),
818 3970 933 4043 muris
955 3965 1240 4069 pulcherrimam
1266 3976 1304 4033 et

239 4151 330 4159 -—-—
363 4155 370 4158 -
385 4155 400 4160 —
426 4155 445 4161 -·
497 4155 507 4160 ι
521 4157 527 4161 -
560 4156 575 4163 ο
592 4157 601 4163 .
615 4155 787 4163 ·-----—
809 4154 837 4162 -—
855 4150 1061 4161 -——----·--
1079 4148 1117 4157 --ο
1131 4141 1300 4156 ····-'''⁴—-

263 4247 273 4309 (
282 4265 287 4295 ι
299 4256 305 4307 J
324 4245 344 4297 ll
360 4247 472 4300 n'cristr
488 4249 548 4319 plus
560 4250 594 4303 «lu
610 4260 698 4304 tracus
711 4250 746 4305 de
759 4260 831 4306 cette
846 4248 919 4304 vitto.
