3046 5244
234 456 339 533 [1087]
600 452 716 514 LIBER
735 454 938 517 SEPTIMUS.
1241 464 1302 527 2⁴3

234 612 314 657 sum
321 641 334 674 ,
356 602 390 655 et
408 586 445 655 ia
463 585 572 683 cajus
590 611 704 661 marta
720 605 807 659 sant
818 592 962 677 omnio,
976 589 1071 661 iilud
1081 596 1301 669 commendo.

235 701 319 774 Noa
335 702 430 771 enim
448 717 591 771 tomam
603 700 715 774 decas
729 701 947 777 hereditario
957 706 1045 805 jare
1057 708 1227 807 possedi,
1240 715 1309 785 sed

234 820 315 891 diro
331 817 507 919 cortflicto
523 834 557 889 et
574 819 688 890 raalio
706 821 881 919 effusione
898 821 1048 894 iatmaai
1068 829 1204 899 cruoris
1217 854 1307 929 per-

228 941 316 1038 jmo
332 937 412 1033 regi
431 935 593 1007 Ile-raldo
610 937 767 1027 abstuli,
786 955 821 1012 et
839 937 1034 1039 interjectis
1051 942 1114 1013 vel
1131 944 1304 1044 effugatis

218 1053 435 1152 jaotorilms
461 1054 561 1153 ejas,
589 1053 799 1127 dominatui
824 1082 905 1129 meo
934 1057 1075 1155 subegi.
1106 1059 1307 1135 Naturales

236 1176 337 1271 regni
346 1171 452 1269 filios
468 1170 557 1272 plus
575 1197 682 1270 (equo
699 1198 831 1245 exosos
847 1171 972 1244 habai.
994 1172 1146 1248 Nobiles
1167 1192 1202 1248 et
1223 1177 1309 1249 oal-

233 1316 342 1389 gores
360 1287 555 1360 crudeliter
568 1290 725 1379 vexavi,
745 1293 875 1390 injuste
892 1289 1024 1362 maltos
1043 1290 1309 1381 estrei-editoe&

237 1411 464 1493 innumeros,
489 1408 653 1479 maxime
674 1408 713 1478 in
730 1434 835 1507 pago
854 1408 1101 1500 Eboraeensi‚
1114 1408 1227 1507 some
1248 1438 1311 1484 seu

222 1523 331 1621 jer-ro
363 1524 588 1620 mortificari.
626 1525 735 1597 Deiri
760 1528 856 1598 enim
883 1542 917 1597 et
944 1524 1312 1603 Troas-llambraaae

236 1661 357 1740 gentes
379 1645 580 1714 exercitam
603 1643 733 1729 Saeni,
757 1644 949 1715 Daaoram
969 1645 1087 1743 regis,
1114 1661 1239 1717 contro
1255 1672 1314 1717 me

238 1776 492 1859 susceperant,
513 1774 546 1830 et
564 1758 760 1829 Robertam
782 1758 830 1832 de
849 1760 1013 1831 Carra'ais
1031 1786 1116 1832 cam
1131 1760 1231 1832 mille
1247 1763 1313 1833 mi·

239 1876 360 1948 litibus
383 1881 479 1948 intra
506 1876 748 1966 Daaelmam,
772 1878 937 1977 aliosque
961 1903 1129 1978 proceres
1155 1895 1254 1951 meos
1276 1896 1313 1951 et

240 2000 368 2067 tirones
382 1994 659 2094 probatissimos
677 1996 714 2066 in
731 1995 881 2067 diversis
898 1996 987 2068 iocis
998 1997 1257 2094 peremerant(
1280 1998 1311 2095 ).

142 2186 147 2197 ,
242 2113 345 2185 tate
362 2112 601 2185 immoderato
609 2109 742 2210 surore
755 2130 956 2187 commotas
963 2169 977 2201 ,
994 2115 1033 2184 in
1053 2114 1214 2189 boreales
1229 2119 1314 2187 Aa·

238 2229 314 2329 glos
333 2247 374 2301 at
396 2256 551 2302 vesanas
576 2229 630 2301 leo
656 2233 862 2331 properavi.
888 2231 1027 2302 Domos
1046 2256 1171 2301 eoram
1188 2232 1308 2329 jassi,

240 2367 438 2446 segetes-que
458 2365 491 2419 et
513 2375 652 2419 omnem
670 2364 895 2449 apparatam
918 2364 1027 2446 atque
1049 2346 1310 2444 supellectilem

241 2493 306 2539 eoa
327 2465 431 2538 estim
447 2467 615 2554 iacendi,
634 2485 667 2538 et
683 2471 846 2566 copiosos
861 2483 1105 2538 armentorum
1114 2465 1315 2564 pecodum·

242 2612 307 2685 que
337 2612 469 2684 greges
499 2588 641 2684 passim
674 2586 844 2658 mactari.
879 2583 1155 2656 Multitudinem
1187 2586 1312 2683 itaque

244 2707 426 2802 utriusque
437 2731 545 2776 sessos
562 2720 636 2774 tom
650 2703 863 2795 dirrefamis
876 2728 1046 2774 macrone
1058 2700 1231 2773 mulctavi
1241 2701 1311 2799 (2),

244 2838 273 2890 rt
300 2822 355 2893 sio
377 2821 490 2891 malta
513 2819 631 2895 mittio
653 2818 910 2920 pulcherrima
929 2822 1047 2918 gentis
1064 2843 1189 2888 senam
1204 2818 1314 2916 jave-

242 2965 416 3037 namqae,
432 2938 528 3040 proh
544 2938 671 3010 dolor!
678 2940 853 3035 fimestas
876 2937 1068 3010 trucidavi.
1088 2936 1228 3006 Fasces
1246 2936 1315 3034 igi·

244 3074 297 3129 tor
310 3058 421 3157 bajas
439 3059 563 3155 regni,
584 3084 674 3157 quos
696 3083 778 3129 cam
799 3071 850 3130 tot
863 3057 1030 3157 peccatis
1048 3053 1203 3141 obtinui,
1220 3051 1316 3125 nulii

243 3177 361 3247 audeo
384 3175 551 3264 tradere,
580 3179 654 3247 m'si
677 3176 755 3247 Deo
776 3174 862 3257 soli,·
890 3200 936 3245 ae
954 3170 1173 3274 postserras
1194 3196 1314 3241 meam

244 3293 363 3364 adimo
389 3294 565 3365 deteriora
583 3292 685 3389 fiant
714 3293 906 3364 occasione
938 3298 1020 3361 mei.
1056 3287 1310 3377 Gaillelmam‚

234 3412 355 3506 filium
372 3439 505 3501 meam,
522 3415 587 3509 qai
598 3411 690 3481 milti
701 3438 725 3480 a
737 3411 869 3509 primis
882 3413 988 3481 anais
1002 3432 1143 3505 semper
1153 3403 1311 3493 inlaesit,

245 3548 274 3599 et
297 3529 390 3601 mila
407 3558 477 3630 pro
499 3557 607 3629 posse
633 3556 698 3600 sao
721 3556 792 3628 per·
814 3530 939 3600 omm'a
965 3526 1113 3599 libenter
1135 3522 1309 3611 obedivit,

245 3666 327 3747 opto
339 3653 376 3719 ia
390 3650 523 3749 spirito
536 3648 608 3720 Dei
619 3647 686 3718 aio
699 3645 840 3732 volere,
856 3662 890 3717 et
906 3648 944 3716 in
959 3648 1060 3743 regni
1073 3642 1182 3729 solio,
1196 3646 1228 3715 si
1239 3643 1313 3713 Dei

247 3767 411 3839 voluntas
429 3783 481 3838 est
488 3764 672 3862 ,feliciter
685 3766 840 3862 litigem.

838 3956 1036 3965 -—-—.-
1047 3956 1112 3963 --—-
1124 3954 1150 3961 —-
1158 3946 1301 3961 --·-·---““

277 4078 316 4141 (ι)
332 4075 425 4145 Voss-r,
443 4073 593 4129 cialossus.
613 4086 634 4125 t.
653 4073 693 4133 lt,
713 4092 740 4145 p.
761 4072 810 4126 ait}
824 4084 852 4125 ot
869 4091 924 4145 ¹9⁰·
943 4068 1055 4125 L'ordro
1073 4066 1120 4120 des
1135 4068 1309 4119 monomenta

249 4172 285 4214 est
298 4164 440 4217 interverti
454 4162 523 4217 dans
534 4183 565 4217 co
576 4182 697 4236 passage.

278 4254 312 4322 (Ἰ)
329 4254 411 4313 thid„
429 4275 456 4327 p.
476 4274 531 4327 191.
