3046 5244
624 462 739 524 Ltsstttt
759 462 917 524 SEXTUS.
1243 464 1300 525 135

226 594 388 697 quibus,
404 592 449 666 de
464 607 580 667 morte
596 590 778 665 Guillelmi
793 593 887 694 regis
899 591 991 666 etde
1005 591 1120 664 tribus
1131 592 1213 666 liliis
1229 596 1302 694 ejus

227 713 345 814 plura
359 709 454 784 edidi
461 766 472 800 ,
493 725 529 784 et
546 711 614 784 iter
626 711 984 810 ierosolymitanum,
1003 729 1220 812 eventusque
1237 740 1303 785 va-

230 829 315 903 rior
337 825 470 900 nostris
493 824 713 924 temporibus¹
733 829 1001 927 contingentes,
1031 825 1218 901 referendo
1243 825 1306 899 ad-

226 940 329 1015 didi.
346 941 603 1040 cunctipotens
616 941 765 1016 Creator
776 958 817 1015 ut
827 940 872 1015 ab
888 943 992 1015 initio
1006 943 1132 1040 coepit,
1148 942 1198 1015 sic
1214 943 1305 1014 mire

229 1055 402 1157 disponit
414 1083 536 1130 cursus
544 1057 770 1147 saeculorum,
784 1073 821 1131 et
832 1055 965 1133 dociles
978 1059 1158 1154 instruens
1168 1057 1306 1130 animos

235 1174 525 1273 terrigenarum,
553 1201 572 1246 a
594 1175 703 1249 noxio
722 1190 866 1248 revocat
890 1175 1052 1275 appetitu
1075 1173 1303 1264 infimorum,

235 1317 278 1364 ac
308 1306 484 1390 provocat
509 1290 553 1364 ad
577 1293 745 1381 meliora,
774 1291 1064 1367 memorabilium
1087 1291 1307 1368 exhibitione

237 1424 439 1509 gestorum.
464 1407 556 1481 Nam
577 1408 772 1509 dejectione
799 1408 1006 1482 sublimium
1029 1426 1066 1483 et
1092 1408 1307 1484 exaltatione

240 1522 462 1611 humilium,
497 1522 725 1597 damnatione
764 1524 1006 1624 reproborum
1040 1541 1077 1598 et
1112 1526 1307 1599 salvatione

240 1644 420 1742 justorum
446 1644 660 1715 incessanter
685 1640 849 1715 eruditur
876 1668 986 1744 genus
1011 1642 1232 1732 humanum,
1263 1668 1308 1715 ne

245 1785 306 1857 per
326 1756 565 1830 execrabilem
592 1754 853 1833 theomachiam
874 1757 935 1831 fiat
956 1760 1167 1857 profanum,
1189 1755 1249 1829 sed
1270 1773 1309 1827 ut

246 1873 407 1948 divinum
425 1899 565 1975 semper
576 1892 713 1948 metuat
725 1874 900 1976 judicium
916 1892 952 1950 et
964 1875 1090 1977 diligat
1102 1875 1307 1975 imperium,

251 1989 497 2064 inobedientiae
511 1989 644 2063 devitet
660 2009 819 2084 reatum,
835 2009 872 2066 et
884 1991 1169 2094 lidelemjugiter
1181 1992 1310 2091 ollera't

252 2104 457 2179 famulatum
483 2107 580 2179 Patri
610 2122 647 2180 et
674 2108 790 2198 Filio,
819 2109 1039 2210 Spirituique
1067 2110 1215 2197 Sancto,
1246 2109 1309 2179 uni

254 2223 339 2316 lieo,
364 2226 440 2325 regi
457 2224 670 2297 surculorum
680 2280 692 2316 ,
709 2225 939 2326 Dominoque
956 2227 1225 2314 universorum,
1247 2225 1310 2325 qui

256 2342 334 2414 vivit
350 2358 387 2414 et
406 2359 534 2441 regnat
551 2368 616 2443 per
634 2342 771 2415 inlinita
791 2342 917 2416 saecula
939 2343 1170 2429 saeculorum,
1190 2367 1308 2415 nmen.

388 2506 480 2579 Virgo
490 2524 589 2579 parens
599 2506 652 2561 duc
666 2506 844 2581 Evvrigenat,
858 2526 875 2561 o
884 2508 968 2579 janua
982 2506 1057 2570 (mlh

388 2594 469 2650 Tolle
482 2606 529 2650 tua
543 2599 642 2670 pressis
653 2607 745 2652 tantos
758 2599 860 2672 pietate
871 2597 995 2653 labores!
1011 2599 1020 2665 l
1027 2604 1049 2667 v)

650 2765 696 2811 tt>
715 2765 909 2812 LECTOREM.

353 2910 451 2971 Arma,
463 2908 560 2974 duces,
575 2908 742 2974 monachos,
757 2909 778 2962 si
791 2909 905 2982 qnaeris,
921 2908 1164 2980 presbyterosque,

388 3000 449 3052 llaec
459 2999 510 3052 tibi
524 2998 624 3053 Vitalis
637 3016 700 3072 para
711 3017 743 3052 ea
754 3007 852 3072 quarta
866 2996 944 3052 dabit
957 2998 1005 3066 (a).

261 3230 292 3286 les
303 3252 386 3290 avons
397 3235 517 3307 compris
526 3253 589 3288 arec
600 3235 671 3289 celui
685 3233 720 3289 de
731 3233 756 3289 la
767 3233 959 3307 bibliotheque
972 3231 1124 3304 d’Alenqon
1136 3248 1199 3285 sous
1211 3230 1235 3284 le
1249 3248 1313 3284 nom

258 3319 286 3374 de
305 3323 457 3377 manuscrit
476 3321 511 3377 de
529 3310 751 3386 Sciat-Evmult,
771 3332 801 3376 et
821 3339 890 3375 nous
907 3340 941 3376 ne
959 3319 1081 3374 dontons
1097 3320 1177 3392 point
1192 3317 1259 3391 qu’il
1280 3337 1315 3373 ne

259 3408 321 3466 bille
333 3432 350 3484 y
364 3413 424 3467 voir
438 3410 463 3466 le
477 3413 628 3467 manuscrit
641 3412 763 3484 primitis
769 3413 839 3466 ecrit
849 3429 912 3465 sons
923 3409 950 3463 la
961 3409 1064 3477 dictet,
1078 3420 1121 3476 et,
1135 3427 1170 3464 en
1183 3407 1315 3482 quelques

260 3498 388 3568 endroitr,
402 3501 476 3556 dela
489 3502 562 3559 main
575 3501 665 3558 meme
676 3499 715 3554 du
728 3501 809 3574 pieux
821 3499 967 3554 historica.

288 3591 321 3660 (v)
337 3591 391 3646 Ces
405 3610 465 3645 vers
477 3609 505 3646 se
515 3602 645 3646 trouvent
658 3609 705 3645 sui·
718 3589 743 3645 le
756 3589 909 3644 manuscrit
919 3587 954 3644 de
966 3577 1188 3655 saint-lintoolt,
1203 3585 1316 3642 maisin

262 3691 333 3744 vnnt
346 3686 391 3736 e'te'
410 3680 583 3737 visiblement
602 3684 708 3754 ajouter
727 3683 808 3756 apres
827 3699 913 3754 coup,
931 3690 960 3734 et
978 3680 996 3734 il
1016 3697 1085 3735 nous
1105 3679 1192 3765 paruit
1206 3675 1316 3732 evident

263 3768 332 3837 qu’ils
346 3789 380 3825 ne
394 3770 506 3826 doivent
520 3790 567 3845 pus
580 3773 639 3828 etre
653 3772 788 3827 attribue's
801 3775 816 3826 'a
829 3782 909 3826 notre
923 3782 1029 3825 auteur.

290 3860 324 3927 (t)
341 3865 365 3917 Α
384 3861 409 3916 la
426 3862 502 3935 place
518 3861 553 3918 de
567 3882 611 3918 ces
626 3881 700 3929 vers,
716 3883 752 3916 on
770 3875 867 3919 trouve
881 3862 949 3917 dans
967 3862 991 3915 le
1005 3863 1155 3917 manuscrit
1172 3859 1207 3912 de
1223 3857 1315 3911 Saint-

270 3943 367 4006 lnoult
383 3952 422 4007 tce
436 3965 505 4009 mots
519 3955 652 4021 mirante,
669 3957 751 4010 ecrits
764 3975 813 4028 par
829 3974 883 4010 une
898 3956 970 4009 main
983 3953 1022 4008 dn
1036 3966 1092 4007 xnt‘
1105 3950 1184 4007 siecle

566 4085 690 4151 Erplicn
703 4094 803 4154 qitnrln
816 4104 883 4152 parv
902 4084 1002 4137 Vitatis
