3046 5244
88 454 198 532 [rou]
489 452 766 517 risacnuouus.
1103 454 1166 519 su

91 583 224 655 milites
241 584 354 657 coacti
374 602 458 659 suut
478 586 531 660 ire
549 584 704 685 peditem
722 602 760 660 et
777 588 840 688 qui
857 598 1076 686 potuerunt,
1096 612 1168 687 pro

92 697 264 772 vehiculis
281 696 377 773 adse
392 701 448 774 vel
458 726 520 774 sua
531 697 775 792 subvehenda,
791 699 863 775 sibi·
875 698 987 777 boves
998 698 1169 779 adbibue-

91 830 192 889 runt.
208 814 283 888 Nec
295 816 413 890 multo
427 831 508 916 post
517 815 741 891 uberrimum
755 815 904 919 ingressi
918 832 1004 891 sunt
1016 832 1166 912 unam,

91 931 308 1006 victualibus
323 948 359 1005 et
376 932 484 1008 bonis
497 931 669 1007 omuibus
686 934 874 1026 refertsm3
899 932 1169 1045 exceptoqnod

90 1053 239 1152 equinas
254 1050 323 1123 sibi
340 1051 584 1152 nequiverunt
599 1074 771 1151 reparare
783 1067 960 1127 vecturas.
974 1050 1170 1128 Venientes

92 1168 280 1243 lcbonium
309 1170 385 1268 (r),
414 1168 644 1269 persuasione
676 1164 928 1269 indigenarum
965 1183 1064 1243 utres
1087 1192 1171 1245 sum

92 1290 194 1389 aquis
209 1287 459 1386 repleverunt,
477 1287 714 1387 confectoque
729 1286 861 1360 itinere
876 1282 947 1360 diei
955 1340 968 1375 ,
986 1284 1031 1361 sd
1047 1310 1172 1403 qnem-

92 1404 174 1478 dam
186 1405 336 1477 fluvium
348 1420 543 1492 venerunt,
556 1402 617 1477 ubi
630 1402 722 1479 duos
732 1403 902 1505 bospitsti
913 1402 1003 1495 (lies,
1017 1404 1170 1483 recmli

93 1537 190 1595 sunt.
203 1523 418 1613 cursitores,
433 1522 495 1624 qui
510 1546 652 1622 semper
664 1520 864 1631 exercitum
877 1518 1169 1623 precurrebant,

93 1658 131 1711 ut
155 1640 327 1712 exercitui
345 1637 609 1738 praesiderent,
628 1636 666 1711 et
687 1638 807 1738 paleas
822 1652 861 1711 et
881 1638 950 1711 alia
974 1638 1172 1713 neoesmris

90 1757 312 1856 diriperent,
327 1772 602 1857 praecurrerunt
619 1752 665 1828 sd
681 1754 873 1829 Brachium
893 1755 1077 1830 civitatem
1094 1758 1169 1855 (ο),

95 1877 130 1946 iu
148 1902 217 1975 qua
233 1875 368 1947 multus
385 1891 463 1948 erat
479 1874 686 1947 Tuscorum
705 1888 928 1964 conventus,
948 1872 976 1946 si
995 1898 1066 1974 qua
1082 1898 1172 1974 pos·

91 2009 171 2066 sent
188 1993 312 2066 obesse
334 1993 547 2066 Christianis
565 2008 772 2092 expectans.
791 1989 1059 2066 cursitantibus
1079 1990 1172 2066 insi·

92 2108 167 2182 (lias
181 2111 460 2198 collocaverant,
475 2134 566 2210 quos
576 2107 746 2184 audacter
756 2108 887 2184 Franci
901 2109 1058 2211 aggressi
1071 2124 1170 2201 sunt,

95 2245 130 2300 ct
150 2228 289 2326 fugatos
315 2227 545 2300 indifficulter
574 2226 832 2327 disperserunt.
860 2228 978 2329 lgitur
994 2226 1170 2317 Eracbis,

96 2342 225 2416 Turcis
240 2341 406 2442 abjectis,
429 2343 465 2415 in
484 2339 773 2417 Christianorum
795 2340 1083 2419 deminutionem
1098 2341 1173 2419 cito

98 2461 238 2533 redacta
256 2476 325 2548 cst,
349 2460 470 2562 ibique
482 2478 639 2562 quatuor
650 2461 727 2535 dies
745 2460 992 2535 coniecerunt.
1011 2458 1067 2534 lbi
1080 2460 1174 2535 Tan·

96 2577 223 2650 credus
239 2593 274 2649 et
286 2576 483 2651 balduinus
495 2576 543 2651 ab
559 2578 638 2651 aliis
653 2602 691 2651 se
704 2576 1023 2679 disgregaverunt,
1037 2592 1075 2651 et
1092 2576 1173 2653 val·

96 2695 166 2768 lem
180 2696 225 2768 dc
242 2698 437 2769 Botentrot
453 2697 507 2793 (ὅ)
520 2722 604 2769 cum
617 2696 689 2769 suis
705 2692 996 2796 expeditionibus
1010 2696 1174 2771 intruso-

99 2832 200 2886 runt.
221 2813 429 2887 Tancredus
441 2830 575 2903 sutem,
591 2815 721 2887 iterum
736 2840 756 2886 a
773 2812 954 2889 Balduiuo
968 2831 1171 2917 seperatus,

96 2933 249 3003 Tarsum
267 2932 366 3004 veuit
379 2959 462 3004 cum
476 2930 547 3004 suis
563 2930 754 3004 militibus.
773 2932 885 3005 Turci
898 2956 1001 3025 vero,
1019 2931 1065 3007 de
1080 2930 1174 3007 urbs

132 3183 171 3254 (ι)
187 3183 328 3243 leonium,
345 3176 497 3253 metropole
509 3178 545 3235 de
558 3179 583 3234 ls
595 3180 746 3252 Lynceis,
761 3177 941 3250 aujourd'bni
956 3178 1077 3233 Konisb.

135 3274 222 3327 Notre
237 3283 337 3326 auteur
355 3289 432 3343 passe
448 3289 513 3326 sous
529 3269 631 3325 silence
647 3268 785 3343 plusieurs
803 3268 866 3323 lsits
880 3267 1106 3324 intermedisirss
1120 3268 1175 3323 im·
1254 3338 1258 3345 ι

100 3372 240 3435 portante,
260 3361 311 3416 tels
328 3380 383 3434 que
399 3359 585 3433 l’occupation
602 3355 828 3425 d’Antiocbette,
847 3354 872 3410 la
892 3353 1012 3410 maledie
1027 3354 1063 3409 de
1077 3352 1176 3412 Gods·

100 3453 168 3517 iroi,
185 3453 256 3505 snite
269 3451 304 3503 dc
318 3469 346 3503 sa
359 3449 429 3503 lutte
442 3467 505 3504 arec
520 3466 557 3503 un
572 3464 639 3502 ours
653 3447 850 3520 gigantesqne,
864 3454 894 3499 et
905 3442 974 3499 celle
984 3441 1024 3499 du
1035 3454 1128 3500 comte
1139 3443 1176 3501 de

100 3542 242 3596 Toulousr
259 3566 263 3593 :
283 3542 329 3595 Itu
345 3559 381 3593 ex
396 3559 430 3594 ea
446 3540 609 3611 infirmitate
625 3534 831 3613 cfflctussssit,
850 3542 881 3589 ssi
894 3532 1039 3606 depositus
1052 3533 1088 3591 de
1105 3534 1176 3591 lecto

100 3636 128 3685 r'n
144 3642 260 3693 terram,
277 3633 329 3683 vix
342 3632 425 3682 etiam
434 3628 550 3682 vitalem
558 3627 672 3698 pulsum
686 3622 817 3687 luheren
831 3620 906 3679 unde
919 3626 1066 3698 spiscopus
1076 3624 1176 3681 Aum-

104 3727 167 3776 u'coe
181 3722 257 3775 urbis
270 3720 388 3796 (fficium
403 3721 487 3792 quasi
497 3717 633 3793 defuncto
647 3720 675 3773 ei
689 3713 839 3790 impendit,
854 3713 897 3770 dit
909 3712 1029 3770 l’suteur
1040 3712 1079 3770 du
1095 3714 1179 3771 Sacri

103 3814 178 3867 Belli
192 3812 327 3875 Historia,
343 3811 448 3864 liutein
462 3808 594 3864 oculaire.

137 3907 176 3972 (o)
195 3890 298 3965 iuncti,
317 3905 331 3953 ir
348 3911 440 3954 trente
453 3899 555 3954 beurrs
569 3897 735 3955 d'Iconium.
755 3898 878 3953 L’arnree
895 3895 1090 3968 cbre'tieuney
1104 3882 1177 3951 resta

100 4004 200 4065 quatre
210 3994 300 4063 jours.

137 4078 177 4149 (3)
191 4082 272 4134 Cettc
287 4079 372 4133 valle'e
384 4078 499 4135 conduit
515 4082 530 4134 t
547 4078 606 4133 l’un
621 4076 671 4132 des
685 4093 812 4151 passages
827 4074 867 4130 du
878 4074 1003 4140 Taurus,
1017 4087 1110 4128 emon
1124 4088 1178 4127 sn·

99 4170 246 4241 Jounl’bui
268 4188 333 4223 sous
348 4169 374 4225 lc
396 4189 461 4225 notu
479 4168 515 4225 de
534 4167 769 4235 Gratas-Boon,
789 4169 805 4222 l
822 4164 894 4221 scite
911 4164 1013 4220 iteum
1030 4160 1065 4218 de
1079 4162 1176 4220 Taras.

104 4260 202 4314 Albert
216 4258 298 4312 d’str
311 4258 418 4330 appelle
431 4277 461 4314 ce
474 4276 588 4333 passage
602 4283 607 4312 τ
622 4259 707 4315 Parte
719 4256 755 4315 de
766 4256 861 4314 ludus.

179 4374 234 4422 ιιι.
986 4344 1031 4415 35
