3046 5244
122 460 217 535 rsus]
474 455 589 517 meaa
610 455 813 518 serenans.
1121 458 1178 517 aa

123 592 287 691 accipite,
310 593 575 691 pn'stinamque
599 592 763 662 virtatem
797 607 972 679 vestram,
1001 615 1111 688 quam
1141 591 1179 662 in

122 708 242 779 arduis
256 725 289 779 et
302 711 471 806 angustis
485 707 588 779 rebus
602 707 782 781 multoties
796 723 970 809 expertus
985 733 1083 795 sum,
1096 732 1179 808 per·

119 822 198 893 dere
215 822 338 894 nolite.
362 820 461 893 Iinu‘s
479 822 582 894 horno
598 849 677 894 sum
695 848 741 895 ac
748 881 761 912 ,
781 839 820 894 ut
836 822 981 921 reliqui,
1004 821 1177 894 mortalis.

121 942 196 1012 fos
212 959 334 1012 autem
351 942 454 1012 multi
471 944 573 1027 estis,
597 941 792 1040 multisque
805 939 1085 1013 charismatibus
1102 940 1181 1011 ian-

114 1061 234 1156 giente
258 1065 335 1129 Deo
361 1060 505 1156 vigetis.
536 1060 698 1130 Fumosa
721 1085 806 1129 uero
827 1074 951 1156 gesta,
975 1084 1057 1156 quer
1078 1056 1182 1154 longe

116 1175 258 1274 iateque
294 1175 486 1273 dr'rulgata
514 1192 617 1262 sunt,
649 1202 713 1246 vos
727 1172 893 1273 fecistis,·
923 1200 989 1246 nee
1019 1200 1180 1271 unquam

116 1293 258 1389 majora
271 1319 295 1361 a
309 1308 382 1362 tam
393 1294 526 1391 paucis
546 1308 579 1362 et
591 1291 724 1388 infimis
742 1289 948 1362 hominibus
963 1290 1133 1389 leguntur
1144 1291 1183 1362 in

116 1408 301 1506 aliquibus
323 1407 499 1494 historiis,
527 1435 635 1508 qnam
652 1413 801 1508 juvante
823 1417 894 1480 Deo
914 1435 939 1480 u
960 1406 1183 1504 uobissacta

116 1541 214 1595 sunt.
239 1528 438 1597 Fortiorem
465 1530 589 1624 itaque
605 1543 638 1597 et
654 1527 905 1626 sapientiorem
922 1528 968 1597 de.
989 1524 1090 1595 uobis
1115 1523 1183 1594 eli-

115 1646 206 1737 gite,
224 1644 415 1742 ipsumque
432 1641 533 1713 vobis
557 1642 687 1714 ducem
705 1644 923 1713 constituite.
943 1641 1001 1713 Ne
1017 1640 1184 1740 perdatis

107 1756 329 1852 jarundam
342 1758 503 1829 tellurem
513 1760 701 1856 qucrsitam
714 1784 848 1857 magno
857 1757 988 1842 iubare,
1002 1758 1069 1827 sed
1075 1781 1185 1855 paruo

120 1892 287 1972 tempore.
306 1874 658 1973 Iiuamundusfiiius
679 1902 778 1946 meus
786 1930 797 1961 ,
818 1880 849 1945 si
866 1880 943 1945 vita
966 1891 1000 1944 et
1014 1875 1187 1974 sospitate

122 1993 239 2089 riget,
259 1995 474 2090 urruntoeiur
490 1992 594 2064 uobis
611 2020 818 2064 succurrere
833 2009 989 2091 sataget.

167 2107 253 2177 Haec
267 2105 369 2177 ethis
384 2107 510 2178 similia
528 2105 618 2178 duce
631 2122 885 2206 prosequente,
903 2108 1026 2178 Petrus
1044 2106 1187 2176 Franci-

123 2249 227 2321 gena,
245 2225 377 2324 aliique
393 2224 687 2315 contubernales,
707 2223 805 2296 ducis
821 2224 913 2296 dictu
933 2223 1113 2297 subtiliter
1135 2223 1188 2293 in·

125 2356 278 2426 tuentes,
299 2338 469 2413 dixerunt
489 2372 497 2411 :
516 2349 559 2412 In
578 2341 646 2412 iroe
664 2343 828 2439 negorio,
847 2339 945 2438 arrad
960 2338 1062 2408 nobis
1081 2341 1188 2438 impe·

124 2484 200 2545 ras,
227 2462 355 2556 ingens
378 2459 573 2530 discrimen
609 2475 682 2545 est,
714 2475 747 2528 et
779 2467 942 2528 marimo
974 2456 1185 2552 difficultas.

125 2580 309 2647 innumeri
331 2595 413 2648 sunt
430 2578 565 2665 hostes,
582 2593 615 2647 et
630 2604 693 2647 uos
716 2578 833 2676 pauci
855 2601 996 2662 sumus,
1017 2575 1189 2644 nimium-

126 2720 189 2791 que
213 2694 316 2767 nobis
343 2695 556 2767 adversatur
579 2699 776 2795 imperator
795 2710 924 2792 potens
949 2710 983 2764 et
1007 2691 1185 2780 callidus,

127 2837 226 2907 quem
242 2828 275 2882 te
291 2812 476 2884 cohibente
486 2816 648 2911 grauiter
659 2815 695 2882 in
713 2813 833 2883 multis
846 2838 942 2911 soepe
955 2810 1185 2908 offendimus.

131 2929 345 2999 Fortitudini
361 2932 458 3029 ejus,
482 2933 638 3029 iuta‘que
647 2933 821 3031 potentiue
837 2931 1061 3028 nequivimus
1079 2932 1188 3001 resis-

131 3061 203 3116 tere.
217 3046 349 3117 oleatus
365 3049 458 3117 euim
472 3047 682 3118 dominatur
697 3050 817 3145 regnis
832 3067 864 3117 et
878 3046 1097 3118 nationibus.
1115 3045 1190 3115 Uti·

133 3187 207 3232 nam
222 3165 276 3233 ud
289 3165 416 3235 domos
429 3182 589 3251 nostras,
612 3163 708 3234 uruie
727 3165 976 3251 discessimus,
998 3190 1079 3233 eum
1095 3186 1191 3263 pace

134 3280 288 3349 resolute
306 3280 452 3377 regredi
466 3281 680 3351 verleumus!

174 3397 234 3466 His
249 3394 377 3467 auditis
393 3395 465 3466 dux
480 3397 580 3468 valdo
597 3398 790 3495 ingemuit,
808 3399 992 3498 Deumque
1010 3425 1092 3470 cum
1105 3396 1191 3468 iletu

133 3507 312 3598 iuvocare,
334 3513 519 3612 filiumque
539 3541 641 3584 suum
660 3514 709 3585 sic
725 3515 846 3612 lugere
865 3517 989 3612 coepit.
1015 3517 1117 3585 trau!
1136 3541 1192 3583 me

130 3634 293 3699 miserum
318 3647 370 3700 tot
397 3627 603 3726 infortuniis
631 3631 915 3701 eircunuiertum!
946 3631 1042 3700 (rtiru
1071 3630 1193 3701 uiuitis

125 3750 251 3828 tractu,
273 3765 306 3817 et
324 3750 458 3846 injuste
474 3750 588 3819 multu
602 3753 741 3848 peregi.
758 3749 872 3820 Nunc
887 3750 994 3820 sinrui
1010 3748 1111 3820 mala
1130 3750 1191 3817 iu-

124 3883 295 3936 reuerant
320 3894 393 3953 me,
422 3894 504 3964 irrue
525 3872 704 3964 prmuerui
727 3868 837 3965 longo
858 3884 1025 3964 tempore.
1045 3867 1193 3938 Summe

126 3976 148 4040 Ι
151 3986 247 4069 teus,
277 3987 376 4053 nuire
401 4012 513 4083 parre
539 3984 643 4053 milri!
675 3987 741 4054 Pie
773 3985 891 4066 Heus,
918 3987 1081 4057 miserere
1106 3981 1194 4051 arilei

117 4106 329 4195 precaturi!
360 4103 477 4171 Fortis·
504 4102 619 4179 Deus,
642 4129 810 4173 succurre
832 4103 969 4202 papirio
992 4118 1069 4183 tuo,
1087 4125 1191 4197 quern

126 4208 201 4285 'errr-
225 4220 395 4307 uictori!
428 4219 498 4288 Fili
527 4224 576 4288 rui
609 4221 845 4301 Buurnuruie‚
875 4223 1003 4290 uirtute
1030 4235 1061 4287 et
1087 4244 1191 4287 ‚sensu
1260 4214 1269 4231 ’
