<?xml version="1.0" encoding="UTF-8"?>
<!DOCTYPE html PUBLIC "-//W3C//DTD XHTML 1.0 Transitional//EN"
    "http://www.w3.org/TR/xhtml1/DTD/xhtml1-transitional.dtd">
<html xmlns="http://www.w3.org/1999/xhtml" xml:lang="en" lang="en">
 <head>
  <title>
</title>
<meta http-equiv="Content-Type" content="text/html;charset=utf-8" />
  <meta name='ocr-system' content='tesseract 3.04.00' />
  <meta name='ocr-capabilities' content='ocr_page ocr_carea ocr_par ocr_line ocrx_word'/>
</head>
<body>
  <div class='ocr_page' id='page_1' title='image "./ordericivitalis00deligoog_0292.png"; bbox 0 0 3046 5244; ppageno 0'>
   <div class='ocr_carea' id='block_1_1' title="bbox 106 433 1165 515">
    <p class='ocr_par' dir='ltr' id='par_1_1' title="bbox 106 433 1165 515">
     <span class='ocr_line' id='line_1_1' title="bbox 106 433 1165 515; baseline 0.003 -20"><span class='ocrx_word' id='word_1_1' title='bbox 106 439 210 515; x_wconf 48' lang='lat' dir='ltr'><em>girus,</em></span> <span class='ocrx_word' id='word_1_2' title='bbox 473 433 587 495; x_wconf 78' lang='lat' dir='ltr'><em>raam</em></span> <span class='ocrx_word' id='word_1_3' title='bbox 607 434 795 496; x_wconf 73' lang='lat' dir='ltr'><em>octavus.</em></span> <span class='ocrx_word' id='word_1_4' title='bbox 1104 440 1165 498; x_wconf 75' lang='lat'><em>277</em></span> 
     </span>
    </p>
   </div>
   <div class='ocr_carea' id='block_1_2' title="bbox 104 561 1186 4174">
    <p class='ocr_par' dir='ltr' id='par_1_2' title="bbox 104 561 1175 2182">
     <span class='ocr_line' id='line_1_2' title="bbox 107 561 1169 664; baseline 0.001 -26"><span class='ocrx_word' id='word_1_5' title='bbox 107 565 364 651; x_wconf 86' lang='lat' dir='ltr'><em>llelesmensis,</em></span> <span class='ocrx_word' id='word_1_6' title='bbox 395 571 458 662; x_wconf 85' lang='lat' dir='ltr'><em>qai</em></span> <span class='ocrx_word' id='word_1_7' title='bbox 479 569 580 664; x_wconf 85' lang='lat' dir='ltr'><em>patri</em></span> <span class='ocrx_word' id='word_1_8' title='bbox 611 580 672 637; x_wconf 89' lang='lat' dir='ltr'><em>tuo</em></span> <span class='ocrx_word' id='word_1_9' title='bbox 683 561 770 661; x_wconf 78' lang='lat' dir='ltr'><em>jtu‘t</em></span> <span class='ocrx_word' id='word_1_10' title='bbox 798 564 907 636; x_wconf 87' lang='lat' dir='ltr'><em>ualde</em></span> <span class='ocrx_word' id='word_1_11' title='bbox 934 564 1107 656; x_wconf 84' lang='lat' dir='ltr'><em>dilectus,</em></span> <span class='ocrx_word' id='word_1_12' title='bbox 1135 586 1169 639; x_wconf 90' lang='lat' dir='ltr'><em>et</em></span> 
     </span>
     <span class='ocr_line' id='line_1_3' title="bbox 107 679 1169 783; baseline 0.004 -31"><span class='ocrx_word' id='word_1_13' title='bbox 107 679 424 753; x_wconf 81' lang='lat' dir='ltr'><em>rnaltislronoribus</em></span> <span class='ocrx_word' id='word_1_14' title='bbox 433 680 521 753; x_wconf 82' lang='lat' dir='ltr'><em>olirrz</em></span> <span class='ocrx_word' id='word_1_15' title='bbox 530 679 577 753; x_wconf 91' lang='lat' dir='ltr'><em>ab</em></span> <span class='ocrx_word' id='word_1_16' title='bbox 587 685 667 781; x_wconf 89' lang='lat' dir='ltr'><em>ipso</em></span> <span class='ocrx_word' id='word_1_17' title='bbox 671 698 873 781; x_wconf 86' lang='lat' dir='ltr'><em>promotus,</em></span> <span class='ocrx_word' id='word_1_18' title='bbox 886 708 983 755; x_wconf 92' lang='lat' dir='ltr'><em>nunc</em></span> <span class='ocrx_word' id='word_1_19' title='bbox 992 708 1169 783; x_wconf 82' lang='lat' dir='ltr'><em>magnam</em></span> 
     </span>
     <span class='ocr_line' id='line_1_4' title="bbox 108 794 1170 899; baseline 0.004 -30"><span class='ocrx_word' id='word_1_20' title='bbox 108 798 344 869; x_wconf 83' lang='lat' dir='ltr'><em>Normanruae</em></span> <span class='ocrx_word' id='word_1_21' title='bbox 358 814 501 896; x_wconf 90' lang='lat' dir='ltr'><em>partem</em></span> <span class='ocrx_word' id='word_1_22' title='bbox 513 797 697 898; x_wconf 80' lang='lat' dir='ltr'><em>possidet,</em></span> <span class='ocrx_word' id='word_1_23' title='bbox 706 794 994 899; x_wconf 78' lang='lat' dir='ltr'><em>fortissimisque</em></span> <span class='ocrx_word' id='word_1_24' title='bbox 1012 799 1170 873; x_wconf 77' lang='lat' dir='ltr'><em>castellis</em></span> 
     </span>
     <span class='ocr_line' id='line_1_5' title="bbox 106 913 1172 1014; baseline 0.002 -27"><span class='ocrx_word' id='word_1_25' title='bbox 106 913 374 1003; x_wconf 85' lang='lat' dir='ltr'><em>corroboratus,</em></span> <span class='ocrx_word' id='word_1_26' title='bbox 391 941 486 1014; x_wconf 91' lang='lat' dir='ltr'><em>pene</em></span> <span class='ocrx_word' id='word_1_27' title='bbox 501 914 669 987; x_wconf 87' lang='lat' dir='ltr'><em>omnibus</em></span> <span class='ocrx_word' id='word_1_28' title='bbox 688 916 819 988; x_wconf 89' lang='lat' dir='ltr'><em>vicinis</em></span> <span class='ocrx_word' id='word_1_29' title='bbox 838 917 915 987; x_wconf 90' lang='lat' dir='ltr'><em>suis</em></span> <span class='ocrx_word' id='word_1_30' title='bbox 936 932 971 987; x_wconf 89' lang='lat' dir='ltr'><em>et</em></span> <span class='ocrx_word' id='word_1_31' title='bbox 986 915 1172 990; x_wconf 84' lang='lat' dir='ltr'><em>Neustrice</em></span> 
     </span>
     <span class='ocr_line' id='line_1_6' title="bbox 104 1032 1172 1133; baseline 0.006 -31"><span class='ocrx_word' id='word_1_32' title='bbox 104 1032 312 1131; x_wconf 88' lang='lat' dir='ltr'><em>proceribus</em></span> <span class='ocrx_word' id='word_1_33' title='bbox 328 1035 553 1133; x_wconf 73' lang='lat' dir='ltr'><em>praeminet.</em></span> <span class='ocrx_word' id='word_1_34' title='bbox 575 1033 781 1132; x_wconf 66' lang='lat' dir='ltr'><em>libitoque</em></span> <span class='ocrx_word' id='word_1_35' title='bbox 797 1035 831 1104; x_wconf 91' lang='lat' dir='ltr'><em>si</em></span> <span class='ocrx_word' id='word_1_36' title='bbox 846 1034 964 1106; x_wconf 88' lang='lat' dir='ltr'><em>animi</em></span> <span class='ocrx_word' id='word_1_37' title='bbox 976 1039 1028 1105; x_wconf 87' lang='lat' dir='ltr'><em>tui</em></span> <span class='ocrx_word' id='word_1_38' title='bbox 1044 1060 1172 1108; x_wconf 89' lang='lat' dir='ltr'><em>ranco-</em></span> 
     </span>
     <span class='ocr_line' id='line_1_7' title="bbox 108 1146 1173 1248; baseline 0.005 -33"><span class='ocrx_word' id='word_1_39' title='bbox 108 1175 180 1219; x_wconf 87' lang='lat' dir='ltr'><em>rem</em></span> <span class='ocrx_word' id='word_1_40' title='bbox 205 1148 420 1237; x_wconf 85' lang='lat' dir='ltr'><em>indulseris,</em></span> <span class='ocrx_word' id='word_1_41' title='bbox 448 1165 483 1220; x_wconf 93' lang='lat' dir='ltr'><em>et</em></span> <span class='ocrx_word' id='word_1_42' title='bbox 508 1164 624 1220; x_wconf 90' lang='lat' dir='ltr'><em>tecum</em></span> <span class='ocrx_word' id='word_1_43' title='bbox 652 1146 853 1248; x_wconf 77' lang='lat' dir='ltr'><em>benigniter</em></span> <span class='ocrx_word' id='word_1_44' title='bbox 875 1151 1081 1240; x_wconf 69' lang='lat' dir='ltr'><em>retinueris,</em></span> <span class='ocrx_word' id='word_1_45' title='bbox 1107 1166 1173 1221; x_wconf 89' lang='lat' dir='ltr'><em>aat</em></span> 
     </span>
     <span class='ocr_line' id='line_1_8' title="bbox 107 1265 1173 1367; baseline 0.005 -32"><span class='ocrx_word' id='word_1_46' title='bbox 107 1267 275 1338; x_wconf 83' lang='lat' dir='ltr'><em>sultano</em></span> <span class='ocrx_word' id='word_1_47' title='bbox 294 1283 326 1338; x_wconf 86' lang='lat' dir='ltr'><em>te</em></span> <span class='ocrx_word' id='word_1_48' title='bbox 344 1293 426 1337; x_wconf 90' lang='lat' dir='ltr'><em>cam</em></span> <span class='ocrx_word' id='word_1_49' title='bbox 438 1293 538 1367; x_wconf 84' lang='lat' dir='ltr'><em>pace</em></span> <span class='ocrx_word' id='word_1_50' title='bbox 557 1266 757 1354; x_wconf 84' lang='lat' dir='ltr'><em>dimiseris,</em></span> <span class='ocrx_word' id='word_1_51' title='bbox 784 1291 908 1337; x_wconf 89' lang='lat' dir='ltr'><em>eoram</em></span> <span class='ocrx_word' id='word_1_52' title='bbox 930 1265 1053 1338; x_wconf 86' lang='lat' dir='ltr'><em>adbuc</em></span> <span class='ocrx_word' id='word_1_53' title='bbox 1074 1266 1173 1340; x_wconf 89' lang='lat' dir='ltr'><em>ami-</em></span> 
     </span>
     <span class='ocr_line' id='line_1_9' title="bbox 107 1380 1170 1483; baseline -0.001 -28"><span class='ocrx_word' id='word_1_54' title='bbox 107 1387 193 1456; x_wconf 89' lang='lat' dir='ltr'><em>citia</em></span> <span class='ocrx_word' id='word_1_55' title='bbox 206 1386 418 1482; x_wconf 76' lang='lat' dir='ltr'><em>servitioque</em></span> <span class='ocrx_word' id='word_1_56' title='bbox 434 1387 474 1455; x_wconf 94' lang='lat' dir='ltr'><em>in</em></span> <span class='ocrx_word' id='word_1_57' title='bbox 489 1383 611 1456; x_wconf 90' lang='lat' dir='ltr'><em>multis</em></span> <span class='ocrx_word' id='word_1_58' title='bbox 626 1381 804 1455; x_wconf 80' lang='lat' dir='ltr'><em>eventibus</em></span> <span class='ocrx_word' id='word_1_59' title='bbox 816 1382 954 1455; x_wconf 86' lang='lat' dir='ltr'><em>utiliter</em></span> <span class='ocrx_word' id='word_1_60' title='bbox 960 1380 1170 1483; x_wconf 81' lang='lat' dir='ltr'><em>perfrueris.</em></span> 
     </span>
     <span class='ocr_line' id='line_1_10' title="bbox 109 1500 1173 1603; baseline 0.001 -32"><span class='ocrx_word' id='word_1_61' title='bbox 109 1502 209 1573; x_wconf 85' lang='lat' dir='ltr'><em>Idem</em></span> <span class='ocrx_word' id='word_1_62' title='bbox 223 1504 287 1600; x_wconf 81' lang='lat' dir='ltr'><em>qni</em></span> <span class='ocrx_word' id='word_1_63' title='bbox 301 1500 420 1590; x_wconf 81' lang='lat' dir='ltr'><em>ladit,</em></span> <span class='ocrx_word' id='word_1_64' title='bbox 432 1503 511 1597; x_wconf 73' lang='lat' dir='ltr'><em>jors</em></span> <span class='ocrx_word' id='word_1_65' title='bbox 524 1519 611 1603; x_wconf 89' lang='lat' dir='ltr'><em>post</em></span> <span class='ocrx_word' id='word_1_66' title='bbox 629 1518 667 1572; x_wconf 90' lang='lat' dir='ltr'><em>ut</em></span> <span class='ocrx_word' id='word_1_67' title='bbox 680 1503 823 1575; x_wconf 88' lang='lat' dir='ltr'><em>amicas</em></span> <span class='ocrx_word' id='word_1_68' title='bbox 836 1500 969 1573; x_wconf 87' lang='lat' dir='ltr'><em>obedit.</em></span> <span class='ocrx_word' id='word_1_69' title='bbox 984 1508 1029 1573; x_wconf 93' lang='lat' dir='ltr'><em>In</em></span> <span class='ocrx_word' id='word_1_70' title='bbox 1044 1500 1173 1575; x_wconf 85' lang='lat' dir='ltr'><em>borum</em></span> 
     </span>
     <span class='ocr_line' id='line_1_11' title="bbox 106 1616 1172 1717; baseline 0.003 -29"><span class='ocrx_word' id='word_1_71' title='bbox 106 1620 281 1688; x_wconf 85' lang='lat' dir='ltr'><em>comitata</em></span> <span class='ocrx_word' id='word_1_72' title='bbox 293 1617 450 1716; x_wconf 85' lang='lat' dir='ltr'><em>pollent,</em></span> <span class='ocrx_word' id='word_1_73' title='bbox 469 1644 615 1717; x_wconf 80' lang='lat' dir='ltr'><em>seseque</em></span> <span class='ocrx_word' id='word_1_74' title='bbox 630 1616 697 1689; x_wconf 86' lang='lat' dir='ltr'><em>tibi</em></span> <span class='ocrx_word' id='word_1_75' title='bbox 709 1618 866 1716; x_wconf 77' lang='lat' dir='ltr'><em>offerunt</em></span> <span class='ocrx_word' id='word_1_76' title='bbox 878 1620 1010 1691; x_wconf 72' lang='lat' dir='ltr'><em>etcinrii</em></span> <span class='ocrx_word' id='word_1_77' title='bbox 1021 1620 1172 1708; x_wconf 89' lang='lat' dir='ltr'><em>tirones,</em></span> 
     </span>
     <span class='ocr_line' id='line_1_12' title="bbox 105 1735 1174 1838; baseline 0.003 -33"><span class='ocrx_word' id='word_1_78' title='bbox 105 1760 252 1831; x_wconf 74' lang='lat' dir='ltr'><em>atrorum</em></span> <span class='ocrx_word' id='word_1_79' title='bbox 284 1736 505 1821; x_wconf 82' lang='lat' dir='ltr'><em>semitatem,</em></span> <span class='ocrx_word' id='word_1_80' title='bbox 538 1736 673 1830; x_wconf 72' lang='lat' dir='ltr'><em>inclflc</em></span> <span class='ocrx_word' id='word_1_81' title='bbox 701 1762 784 1824; x_wconf 77' lang='lat' dir='ltr'><em>reu,</em></span> <span class='ocrx_word' id='word_1_82' title='bbox 807 1735 1076 1838; x_wconf 76' lang='lat' dir='ltr'><em>parvipendere</em></span> <span class='ocrx_word' id='word_1_83' title='bbox 1103 1764 1174 1808; x_wconf 91' lang='lat' dir='ltr'><em>non</em></span> 
     </span>
     <span class='ocr_line' id='line_1_13' title="bbox 106 1849 1172 1952; baseline 0.005 -32"><span class='ocrx_word' id='word_1_84' title='bbox 106 1849 226 1922; x_wconf 83' lang='lat' dir='ltr'><em>debes.</em></span> <span class='ocrx_word' id='word_1_85' title='bbox 248 1853 370 1949; x_wconf 81' lang='lat' dir='ltr'><em>Igitur·</em></span> <span class='ocrx_word' id='word_1_86' title='bbox 385 1879 475 1951; x_wconf 82' lang='lat' dir='ltr'><em>qrtos</em></span> <span class='ocrx_word' id='word_1_87' title='bbox 491 1855 575 1951; x_wconf 86' lang='lat' dir='ltr'><em>jam</em></span> <span class='ocrx_word' id='word_1_88' title='bbox 596 1856 775 1952; x_wconf 83' lang='lat' dir='ltr'><em>superasti</em></span> <span class='ocrx_word' id='word_1_89' title='bbox 796 1869 990 1951; x_wconf 80' lang='lat' dir='ltr'><em>potestate,</em></span> <span class='ocrx_word' id='word_1_90' title='bbox 1015 1853 1172 1943; x_wconf 84' lang='lat' dir='ltr'><em>diuitiis,</em></span> 
     </span>
     <span class='ocr_line' id='line_1_14' title="bbox 107 1968 1175 2071; baseline 0.005 -34"><span class='ocrx_word' id='word_1_91' title='bbox 107 1985 139 2038; x_wconf 87' lang='lat' dir='ltr'><em>et</em></span> <span class='ocrx_word' id='word_1_92' title='bbox 165 1971 301 2066; x_wconf 79' lang='lat' dir='ltr'><em>ingenti</em></span> <span class='ocrx_word' id='word_1_93' title='bbox 322 1969 527 2068; x_wconf 79' lang='lat' dir='ltr'><em>probitate,</em></span> <span class='ocrx_word' id='word_1_94' title='bbox 555 1969 716 2068; x_wconf 82' lang='lat' dir='ltr'><em>subjuga</em></span> <span class='ocrx_word' id='word_1_95' title='bbox 745 1968 816 2041; x_wconf 91' lang='lat' dir='ltr'><em>tibi</em></span> <span class='ocrx_word' id='word_1_96' title='bbox 841 1972 1115 2071; x_wconf 83' lang='lat' dir='ltr'><em>magnificentia</em></span> <span class='ocrx_word' id='word_1_97' title='bbox 1141 1986 1175 2043; x_wconf 89' lang='lat' dir='ltr'><em>et</em></span> 
     </span>
     <span class='ocr_line' id='line_1_15' title="bbox 109 2089 253 2182; baseline 0.014 -31"><span class='ocrx_word' id='word_1_98' title='bbox 109 2089 253 2182; x_wconf 87' lang='lat' dir='ltr'><em>pietate.</em></span> 
     </span>
    </p>

    <p class='ocr_par' dir='ltr' id='par_1_3' title="bbox 110 2199 1186 4174">
     <span class='ocr_line' id='line_1_16' title="bbox 159 2199 1177 2301; baseline 0.002 -28"><span class='ocrx_word' id='word_1_99' title='bbox 159 2203 406 2301; x_wconf 75' lang='lat' dir='ltr'><em>Magnanimos</em></span> <span class='ocrx_word' id='word_1_100' title='bbox 428 2204 546 2300; x_wconf 90' lang='lat' dir='ltr'><em>itaque</em></span> <span class='ocrx_word' id='word_1_101' title='bbox 568 2227 649 2288; x_wconf 85' lang='lat' dir='ltr'><em>rex,</em></span> <span class='ocrx_word' id='word_1_102' title='bbox 671 2199 827 2273; x_wconf 87' lang='lat' dir='ltr'><em>fidelium</em></span> <span class='ocrx_word' id='word_1_103' title='bbox 845 2226 993 2273; x_wconf 90' lang='lat' dir='ltr'><em>suorum</em></span> <span class='ocrx_word' id='word_1_104' title='bbox 1012 2200 1177 2300; x_wconf 84' lang='lat' dir='ltr'><em>precibus</em></span> 
     </span>
     <span class='ocr_line' id='line_1_17' title="bbox 110 2316 1177 2408; baseline 0.003 -19"><span class='ocrx_word' id='word_1_105' title='bbox 110 2323 235 2404; x_wconf 72' lang='lat' dir='ltr'><em>virtus,</em></span> <span class='ocrx_word' id='word_1_106' title='bbox 248 2320 407 2408; x_wconf 83' lang='lat' dir='ltr'><em>assensit,</em></span> <span class='ocrx_word' id='word_1_107' title='bbox 417 2319 565 2391; x_wconf 84' lang='lat' dir='ltr'><em>exitium</em></span> <span class='ocrx_word' id='word_1_108' title='bbox 580 2335 616 2390; x_wconf 89' lang='lat' dir='ltr'><em>et</em></span> <span class='ocrx_word' id='word_1_109' title='bbox 628 2316 877 2391; x_wconf 86' lang='lat' dir='ltr'><em>membrorum</em></span> <span class='ocrx_word' id='word_1_110' title='bbox 890 2317 1177 2393; x_wconf 84' lang='lat' dir='ltr'><em>debilitationem</em></span> 
     </span>
     <span class='ocr_line' id='line_1_18' title="bbox 110 2431 1177 2532; baseline -0.003 -22"><span class='ocrx_word' id='word_1_111' title='bbox 110 2435 257 2510; x_wconf 85' lang='lat' dir='ltr'><em>obsessis</em></span> <span class='ocrx_word' id='word_1_112' title='bbox 274 2434 438 2521; x_wconf 86' lang='lat' dir='ltr'><em>indulsit,</em></span> <span class='ocrx_word' id='word_1_113' title='bbox 457 2433 549 2507; x_wconf 88' lang='lat' dir='ltr'><em>etde</em></span> <span class='ocrx_word' id='word_1_114' title='bbox 562 2431 697 2532; x_wconf 87' lang='lat' dir='ltr'><em>oppido</em></span> <span class='ocrx_word' id='word_1_115' title='bbox 710 2431 861 2506; x_wconf 84' lang='lat' dir='ltr'><em>exeundi</em></span> <span class='ocrx_word' id='word_1_116' title='bbox 875 2434 1079 2507; x_wconf 74' lang='lat' dir='ltr'><em>facultatem</em></span> <span class='ocrx_word' id='word_1_117' title='bbox 1094 2460 1177 2507; x_wconf 92' lang='lat' dir='ltr'><em>cum</em></span> 
     </span>
     <span class='ocr_line' id='line_1_19' title="bbox 110 2548 1176 2653; baseline -0.002 -28"><span class='ocrx_word' id='word_1_118' title='bbox 110 2555 209 2653; x_wconf 82' lang='lat' dir='ltr'><em>equis</em></span> <span class='ocrx_word' id='word_1_119' title='bbox 229 2569 266 2626; x_wconf 91' lang='lat' dir='ltr'><em>et</em></span> <span class='ocrx_word' id='word_1_120' title='bbox 287 2551 395 2624; x_wconf 90' lang='lat' dir='ltr'><em>armis</em></span> <span class='ocrx_word' id='word_1_121' title='bbox 419 2550 604 2625; x_wconf 85' lang='lat' dir='ltr'><em>concessit.</em></span> <span class='ocrx_word' id='word_1_122' title='bbox 632 2548 701 2622; x_wconf 88' lang='lat' dir='ltr'><em>Sed</em></span> <span class='ocrx_word' id='word_1_123' title='bbox 725 2575 870 2624; x_wconf 82' lang='lat' dir='ltr'><em>omriem</em></span> <span class='ocrx_word' id='word_1_124' title='bbox 896 2575 995 2650; x_wconf 85' lang='lat' dir='ltr'><em>spem</em></span> <span class='ocrx_word' id='word_1_125' title='bbox 1022 2548 1176 2623; x_wconf 90' lang='lat' dir='ltr'><em>habendi</em></span> 
     </span>
     <span class='ocr_line' id='line_1_20' title="bbox 113 2663 1178 2766; baseline -0.002 -25"><span class='ocrx_word' id='word_1_126' title='bbox 113 2667 323 2741; x_wconf 82' lang='lat' dir='ltr'><em>hereditates</em></span> <span class='ocrx_word' id='word_1_127' title='bbox 355 2683 391 2740; x_wconf 90' lang='lat' dir='ltr'><em>et</em></span> <span class='ocrx_word' id='word_1_128' title='bbox 421 2682 533 2739; x_wconf 84' lang='lat' dir='ltr'><em>terras</em></span> <span class='ocrx_word' id='word_1_129' title='bbox 564 2668 598 2738; x_wconf 90' lang='lat' dir='ltr'><em>in</em></span> <span class='ocrx_word' id='word_1_130' title='bbox 630 2690 745 2765; x_wconf 89' lang='lat' dir='ltr'><em>regno</em></span> <span class='ocrx_word' id='word_1_131' title='bbox 774 2667 871 2765; x_wconf 81' lang='lat' dir='ltr'><em>ejus,</em></span> <span class='ocrx_word' id='word_1_132' title='bbox 902 2663 1073 2766; x_wconf 86' lang='lat' dir='ltr'><em>quamdiu</em></span> <span class='ocrx_word' id='word_1_133' title='bbox 1104 2666 1178 2763; x_wconf 84' lang='lat' dir='ltr'><em>ipse</em></span> 
     </span>
     <span class='ocr_line' id='line_1_21' title="bbox 111 2782 1179 2885; baseline -0.001 -27"><span class='ocrx_word' id='word_1_134' title='bbox 111 2803 295 2885; x_wconf 84' lang='lat' dir='ltr'><em>regnaret,</em></span> <span class='ocrx_word' id='word_1_135' title='bbox 313 2782 473 2857; x_wconf 90' lang='lat' dir='ltr'><em>funditus</em></span> <span class='ocrx_word' id='word_1_136' title='bbox 488 2783 651 2857; x_wconf 85' lang='lat' dir='ltr'><em>abscidit.</em></span> <span class='ocrx_word' id='word_1_137' title='bbox 671 2785 774 2857; x_wconf 87' lang='lat' dir='ltr'><em>Tunc</em></span> <span class='ocrx_word' id='word_1_138' title='bbox 790 2782 868 2857; x_wconf 88' lang='lat' dir='ltr'><em>Odo</em></span> <span class='ocrx_word' id='word_1_139' title='bbox 886 2783 1044 2883; x_wconf 76' lang='lat' dir='ltr'><em>pontifex</em></span> <span class='ocrx_word' id='word_1_140' title='bbox 1060 2810 1079 2855; x_wconf 89' lang='lat' dir='ltr'><em>a</em></span> <span class='ocrx_word' id='word_1_141' title='bbox 1094 2808 1179 2883; x_wconf 76' lang='lat' dir='ltr'><em>rege</em></span> 
     </span>
     <span class='ocr_line' id='line_1_22' title="bbox 112 2899 1179 3001; baseline -0.003 -26"><span class='ocrx_word' id='word_1_142' title='bbox 112 2906 202 2975; x_wconf 84' lang='lat' dir='ltr'><em>Rufo</em></span> <span class='ocrx_word' id='word_1_143' title='bbox 242 2905 433 3001; x_wconf 85' lang='lat' dir='ltr'><em>impetrare</em></span> <span class='ocrx_word' id='word_1_144' title='bbox 467 2901 655 3000; x_wconf 87' lang='lat' dir='ltr'><em>temptavit</em></span> <span class='ocrx_word' id='word_1_145' title='bbox 691 2927 736 2973; x_wconf 89' lang='lat' dir='ltr'><em>ne</em></span> <span class='ocrx_word' id='word_1_146' title='bbox 768 2899 943 2974; x_wconf 87' lang='lat' dir='ltr'><em>tubicines</em></span> <span class='ocrx_word' id='word_1_147' title='bbox 975 2901 1011 2972; x_wconf 95' lang='lat' dir='ltr'><em>in</em></span> <span class='ocrx_word' id='word_1_148' title='bbox 1050 2924 1179 2973; x_wconf 84' lang='lat' dir='ltr'><em>corum</em></span> 
     </span>
     <span class='ocr_line' id='line_1_23' title="bbox 111 3016 1179 3117; baseline -0.003 -25"><span class='ocrx_word' id='word_1_149' title='bbox 111 3046 251 3117; x_wconf 88' lang='lat' dir='ltr'><em>egressu</em></span> <span class='ocrx_word' id='word_1_150' title='bbox 279 3019 373 3091; x_wconf 87' lang='lat' dir='ltr'><em>tubis</em></span> <span class='ocrx_word' id='word_1_151' title='bbox 397 3036 588 3107; x_wconf 86' lang='lat' dir='ltr'><em>cancrent,</em></span> <span class='ocrx_word' id='word_1_152' title='bbox 614 3021 704 3091; x_wconf 89' lang='lat' dir='ltr'><em>sicut</em></span> <span class='ocrx_word' id='word_1_153' title='bbox 724 3020 837 3090; x_wconf 88' lang='lat' dir='ltr'><em>moris</em></span> <span class='ocrx_word' id='word_1_154' title='bbox 858 3035 929 3109; x_wconf 87' lang='lat' dir='ltr'><em>est,</em></span> <span class='ocrx_word' id='word_1_155' title='bbox 951 3016 1036 3089; x_wconf 92' lang='lat' dir='ltr'><em>dum</em></span> <span class='ocrx_word' id='word_1_156' title='bbox 1062 3016 1179 3091; x_wconf 86' lang='lat' dir='ltr'><em>hostes</em></span> 
     </span>
     <span class='ocr_line' id='line_1_24' title="bbox 115 3134 1180 3235; baseline 0 -29"><span class='ocrx_word' id='word_1_157' title='bbox 115 3141 323 3228; x_wconf 78' lang='lat' dir='ltr'><em>vincuntur,</em></span> <span class='ocrx_word' id='word_1_158' title='bbox 346 3154 382 3208; x_wconf 91' lang='lat' dir='ltr'><em>et</em></span> <span class='ocrx_word' id='word_1_159' title='bbox 407 3136 569 3235; x_wconf 84' lang='lat' dir='ltr'><em>pervim</em></span> <span class='ocrx_word' id='word_1_160' title='bbox 594 3134 766 3234; x_wconf 89' lang='lat' dir='ltr'><em>oppidum</em></span> <span class='ocrx_word' id='word_1_161' title='bbox 790 3137 942 3233; x_wconf 89' lang='lat' dir='ltr'><em>capitur.</em></span> <span class='ocrx_word' id='word_1_162' title='bbox 963 3135 1035 3206; x_wconf 84' lang='lat' dir='ltr'><em>Rex</em></span> <span class='ocrx_word' id='word_1_163' title='bbox 1061 3151 1180 3206; x_wconf 84' lang='lat' dir='ltr'><em>autem</em></span> 
     </span>
     <span class='ocr_line' id='line_1_25' title="bbox 114 3251 1180 3356; baseline -0.002 -32"><span class='ocrx_word' id='word_1_164' title='bbox 114 3258 234 3341; x_wconf 84' lang='lat' dir='ltr'><em>iratus,</em></span> <span class='ocrx_word' id='word_1_165' title='bbox 254 3255 351 3356; x_wconf 84' lang='lat' dir='ltr'><em>quod</em></span> <span class='ocrx_word' id='word_1_166' title='bbox 371 3253 557 3353; x_wconf 85' lang='lat' dir='ltr'><em>petebatur</em></span> <span class='ocrx_word' id='word_1_167' title='bbox 571 3253 723 3326; x_wconf 89' lang='lat' dir='ltr'><em>omnino</em></span> <span class='ocrx_word' id='word_1_168' title='bbox 735 3251 943 3351; x_wconf 77' lang='lat' dir='ltr'><em>denegavit,</em></span> <span class='ocrx_word' id='word_1_169' title='bbox 961 3277 1027 3324; x_wconf 91' lang='lat' dir='ltr'><em>nec</em></span> <span class='ocrx_word' id='word_1_170' title='bbox 1043 3276 1079 3323; x_wconf 88' lang='lat' dir='ltr'><em>se</em></span> <span class='ocrx_word' id='word_1_171' title='bbox 1095 3278 1180 3323; x_wconf 93' lang='lat' dir='ltr'><em>con·</em></span> 
     </span>
     <span class='ocr_line' id='line_1_26' title="bbox 112 3368 1181 3470; baseline -0.001 -28"><span class='ocrx_word' id='word_1_172' title='bbox 112 3398 288 3443; x_wconf 89' lang='lat' dir='ltr'><em>cessurum</em></span> <span class='ocrx_word' id='word_1_173' title='bbox 303 3375 411 3444; x_wconf 90' lang='lat' dir='ltr'><em>etiam</em></span> <span class='ocrx_word' id='word_1_174' title='bbox 426 3388 578 3470; x_wconf 88' lang='lat' dir='ltr'><em>propter</em></span> <span class='ocrx_word' id='word_1_175' title='bbox 594 3370 695 3442; x_wconf 88' lang='lat' dir='ltr'><em>mille</em></span> <span class='ocrx_word' id='word_1_176' title='bbox 711 3369 789 3441; x_wconf 88' lang='lat' dir='ltr'><em>auri</em></span> <span class='ocrx_word' id='word_1_177' title='bbox 804 3394 943 3442; x_wconf 87' lang='lat' dir='ltr'><em>marcos</em></span> <span class='ocrx_word' id='word_1_178' title='bbox 960 3368 1077 3467; x_wconf 87' lang='lat' dir='ltr'><em>palam</em></span> <span class='ocrx_word' id='word_1_179' title='bbox 1094 3394 1181 3441; x_wconf 89' lang='lat' dir='ltr'><em>asse·</em></span> 
     </span>
     <span class='ocr_line' id='line_1_27' title="bbox 113 3481 1180 3589; baseline -0.003 -31"><span class='ocrx_word' id='word_1_180' title='bbox 113 3493 193 3559; x_wconf 85' lang='lat' dir='ltr'><em>ruit.</em></span> <span class='ocrx_word' id='word_1_181' title='bbox 228 3488 425 3586; x_wconf 84' lang='lat' dir='ltr'><em>Oppidanis</em></span> <span class='ocrx_word' id='word_1_182' title='bbox 461 3512 549 3589; x_wconf 86' lang='lat' dir='ltr'><em>ergo</em></span> <span class='ocrx_word' id='word_1_183' title='bbox 584 3513 666 3558; x_wconf 90' lang='lat' dir='ltr'><em>cum</em></span> <span class='ocrx_word' id='word_1_184' title='bbox 701 3509 863 3557; x_wconf 87' lang='lat' dir='ltr'><em>moerore</em></span> <span class='ocrx_word' id='word_1_185' title='bbox 895 3499 931 3556; x_wconf 86' lang='lat' dir='ltr'><em>et</em></span> <span class='ocrx_word' id='word_1_186' title='bbox 968 3481 1180 3557; x_wconf 87' lang='lat' dir='ltr'><em>verecundia</em></span> 
     </span>
     <span class='ocr_line' id='line_1_28' title="bbox 115 3601 1181 3705; baseline 0.002 -32"><span class='ocrx_word' id='word_1_187' title='bbox 115 3604 398 3705; x_wconf 75' lang='lat' dir='ltr'><em>egredientibus,</em></span> <span class='ocrx_word' id='word_1_188' title='bbox 431 3623 467 3678; x_wconf 89' lang='lat' dir='ltr'><em>et</em></span> <span class='ocrx_word' id='word_1_189' title='bbox 496 3602 676 3705; x_wconf 87' lang='lat' dir='ltr'><em>regalibus</em></span> <span class='ocrx_word' id='word_1_190' title='bbox 707 3601 801 3674; x_wconf 87' lang='lat' dir='ltr'><em>tubis</em></span> <span class='ocrx_word' id='word_1_191' title='bbox 829 3627 912 3673; x_wconf 89' lang='lat' dir='ltr'><em>cum</em></span> <span class='ocrx_word' id='word_1_192' title='bbox 942 3601 1181 3701; x_wconf 90' lang='lat' dir='ltr'><em>gratulatione</em></span> 
     </span>
     <span class='ocr_line' id='line_1_29' title="bbox 117 3716 1183 3821; baseline -0.002 -28"><span class='ocrx_word' id='word_1_193' title='bbox 117 3724 382 3821; x_wconf 81' lang='lat' dir='ltr'><em>clangentibus,</em></span> <span class='ocrx_word' id='word_1_194' title='bbox 402 3720 598 3796; x_wconf 86' lang='lat' dir='ltr'><em>multitudo</em></span> <span class='ocrx_word' id='word_1_195' title='bbox 620 3721 845 3821; x_wconf 80' lang='lat' dir='ltr'><em>Anglorum,</em></span> <span class='ocrx_word' id='word_1_196' title='bbox 867 3746 948 3820; x_wconf 87' lang='lat' dir='ltr'><em>quae</em></span> <span class='ocrx_word' id='word_1_197' title='bbox 966 3720 1041 3821; x_wconf 86' lang='lat' dir='ltr'><em>regi</em></span> <span class='ocrx_word' id='word_1_198' title='bbox 1065 3716 1183 3792; x_wconf 81' lang='lat' dir='ltr'><em>adhoe·</em></span> 
     </span>
     <span class='ocr_line' id='line_1_30' title="bbox 119 3835 1179 3927; baseline -0.004 -19"><span class='ocrx_word' id='word_1_199' title='bbox 119 3841 235 3927; x_wconf 79' lang='lat' dir='ltr'><em>relnt,</em></span> <span class='ocrx_word' id='word_1_200' title='bbox 253 3842 390 3912; x_wconf 81' lang='lat' dir='ltr'><em>eunctis</em></span> <span class='ocrx_word' id='word_1_201' title='bbox 408 3839 634 3912; x_wconf 87' lang='lat' dir='ltr'><em>audientibus</em></span> <span class='ocrx_word' id='word_1_202' title='bbox 649 3835 925 3926; x_wconf 74' lang='lat' dir='ltr'><em>vociferabatur,</em></span> <span class='ocrx_word' id='word_1_203' title='bbox 951 3854 987 3910; x_wconf 92' lang='lat' dir='ltr'><em>et</em></span> <span class='ocrx_word' id='word_1_204' title='bbox 1006 3836 1146 3909; x_wconf 87' lang='lat' dir='ltr'><em>dicebat</em></span> <span class='ocrx_word' id='word_1_205' title='bbox 1171 3865 1179 3904; x_wconf 74' lang='grc' dir='ltr'><strong>ε</strong></span> 
     </span>
     <span class='ocr_line' id='line_1_31' title="bbox 123 3956 1183 4055; baseline -0.005 -30"><span class='ocrx_word' id='word_1_206' title='bbox 123 3957 298 4054; x_wconf 70' lang='lat' dir='ltr'><em>&#39;I&#39;orqaes,</em></span> <span class='ocrx_word' id='word_1_207' title='bbox 328 3977 469 4055; x_wconf 71' lang='lat' dir='ltr'><em>torques</em></span> <span class='ocrx_word' id='word_1_208' title='bbox 500 3957 645 4053; x_wconf 69' lang='lat' dir='ltr'><em>affirm,</em></span> <span class='ocrx_word' id='word_1_209' title='bbox 678 3973 711 4024; x_wconf 84' lang='lat' dir='ltr'><em>et</em></span> <span class='ocrx_word' id='word_1_210' title='bbox 742 3956 948 4026; x_wconf 87' lang='lat' dir='ltr'><em>traditorem</em></span> <span class='ocrx_word' id='word_1_211' title='bbox 976 3958 1183 4053; x_wconf 89' lang='lat' dir='ltr'><em>episcopam</em></span> 
     </span>
     <span class='ocr_line' id='line_1_32' title="bbox 123 4072 1186 4174; baseline -0.002 -33"><span class='ocrx_word' id='word_1_212' title='bbox 123 4104 197 4143; x_wconf 78' lang='lat' dir='ltr'><em>erun</em></span> <span class='ocrx_word' id='word_1_213' title='bbox 215 4081 287 4145; x_wconf 77' lang='lat' dir='ltr'><em>‚nris</em></span> <span class='ocrx_word' id='word_1_214' title='bbox 303 4076 539 4174; x_wconf 83' lang='lat' dir='ltr'><em>rnnrplirilurs</em></span> <span class='ocrx_word' id='word_1_215' title='bbox 549 4073 723 4171; x_wconf 85' lang='lat' dir='ltr'><em>patibulis</em></span> <span class='ocrx_word' id='word_1_216' title='bbox 737 4073 956 4174; x_wconf 79' lang='lat' dir='ltr'><em>suspendite.</em></span> <span class='ocrx_word' id='word_1_217' title='bbox 974 4072 1186 4167; x_wconf 78' lang='lat' dir='ltr'><em>Magnerer</em></span> 
     </span>
    </p>
   </div>
   <div class='ocr_carea' id='block_1_3' title="bbox 0 0 1547 5244">
    <p class='ocr_par' dir='ltr' id='par_1_4' title="bbox 0 0 1547 5244">
     <span class='ocr_line' id='line_1_33' title="bbox 0 0 1547 5244; baseline 0 0"><span class='ocrx_word' id='word_1_218' title='bbox 0 0 1547 5244; x_wconf 95' lang='lat' dir='ltr'><em> </em></span> 
     </span>
    </p>
   </div>
  </div>
 </body>
</html>
