3046 5244
79 474 183 549 [10871
437 471 551 531 LlBliR
573 471 777 532 SEPTIMUS.
1085 474 1146 536 stt)

78 603 309 677 vehementer
334 604 496 689 attoniti,
527 620 563 675 et.
594 604 692 674 velut
720 620 878 675 amentes
904 606 1020 678 ellecti
1049 622 1144 681 sunt.

77 722 192 795 Porro
207 719 355 793 ‹litiores
373 748 413 792 ex
437 719 490 792 his
510 721 606 793 illico
623 722 773 793 ascensis
787 724 887 822 equis
905 741 1144 809 recesserunt,

77 856 111 910 ct
124 838 167 909 atl
182 866 242 910 sua
259 837 404 910 tutanda
419 855 718 936 properaverunt.
735 840 925 911 luleciores
938 867 1026 913 vcro
1040 841 1150 913 clien-

79 958 141 1028 tuli
170 973 208 1027 ut
239 957 427 1055 magistros
454 981 534 1028 suos
560 957 610 1027 sic
637 957 828 1028 manicasse
860 975 1144 1057 prospexerunt,

77 1100 193 1162 arma,
222 1099 324 1158 vasa,
357 1088 470 1144 vestes
504 1089 540 1144 et
576 1072 802 1162 linteamina,
832 1099 1049 1175 omnemque
1086 1100 1148 1146 re-

76 1191 169 1289 giam
189 1187 447 1285 supellectilem
469 1203 686 1284 rapuerunt,
713 1205 748 1259 et
772 1189 901 1263 relicto
925 1192 1018 1290 regis
1043 1188 1149 1263 cada-

77 1331 157 1376 vere
175 1329 266 1402 pene
287 1302 382 1376 trudo
410 1305 445 1375 in
466 1329 544 1375 arca
562 1302 708 1391 (lomus,
729 1308 957 1405 aufugerunt.
981 1305 1147 1396 Cernite,

76 1446 223 1518 precor,
247 1445 391 1506 omnes,
414 1420 529 1518 qualis
546 1436 598 1491 est
621 1419 800 1491 mundana
825 1419 924 1493 lidos.
945 1423 1150 1522 Unusquis-

75 1564 142 1637 que
161 1535 259 1636 quod
276 1538 394 1634 potuit
415 1536 459 1610 de
481 1553 655 1637 apparatu
677 1539 777 1637 regio
795 1555 835 1610 ut
854 1540 984 1613 milvus
1007 1542 1146 1639 rapuit,

74 1670 108 1725 et
138 1654 324 1726 confestim
353 1680 433 1725 cum
462 1652 582 1752 praeda
612 1681 670 1726 sua
700 1655 849 1754 autugit.
881 1656 1048 1755 lmpietas
1079 1658 1146 1728 ita-

74 1796 141 1871 que
167 1772 363 1869 justitiario
398 1770 541 1844 labcnte
575 1772 804 1870 impudenter
834 1771 989 1870 prodiit,
1020 1790 1056 1845 et
1087 1800 1148 1845 ra-

76 1890 264 1986 pacitatem
282 1889 374 1962 circa
395 1891 509 1988 ipsum
528 1891 685 1963 ultorem
703 1890 838 1988 rapinae
857 1891 1024 1988 primitus
1041 1917 1149 1964 excr-

77 2009 160 2079 euit.
227 2024 239 2049 ·

123 2126 228 2197 Fama
257 2125 301 2198 de
333 2142 451 2198 morte
481 2128 574 2224 regis
605 2126 812 2226 pernicibus
839 2128 903 2199 alis
930 2128 1086 2214 volavit,
1114 2144 1149 2199 et

78 2245 181 2343 longe
200 2244 340 2344 lateque
357 2245 526 2344 gaudium
540 2269 600 2317 seu
617 2270 817 2318 moerorem
835 2243 1057 2317 audientium
1071 2270 1149 2317 cor·

76 2361 339 2435 dibus'insudit.
365 2362 455 2434 Num
478 2388 577 2434 mors
598 2362 782 2435 Gnillelmi
806 2364 899 2461 regis
923 2363 1001 2460 ipso
1023 2360 1148 2434 eodem

75 2480 147 2568 die,
175 2507 248 2580 quo
271 2481 461 2580 Rotomagi
487 2480 674 2554 ‹lelunctus
699 2498 769 2567 est,
794 2480 832 2553 iu
857 2480 948 2553 urbe
975 2481 1088 2555 Roma
1114 2497 1150 2552 et

76 2603 108 2674 iu
126 2598 289 2672 Calabria
306 2599 520 2700 quibusdam
535 2599 758 2673 exheredatis
775 2601 944 2672 rnnrciata
957 2617 1026 2686 est,
1047 2615 1087 2672 ut
1103 2597 1149 2670 ab

75 2720 154 2817 ipsis
172 2719 402 2817 postmodnm
421 2721 599 2790 veraciter
614 2719 650 2791 in
665 2718 890 2790 Normaunia
909 2717 1064 2789 relatum
1080 2733 1146 2788 est.

75 2836 248 2935 llalignus
282 2836 416 2934 quippe
451 2836 597 2933 spiritus
627 2832 763 2933 oppido
796 2832 1027 2932 tripudiavit,
1061 2831 1148 2904 dum

76 2955 218 3027 clientes
238 2980 334 3039 suos,
355 2957 416 3053 qui
433 2979 559 3052 rapere
576 2969 611 3025 et
626 2955 771 3055 clepere
786 2953 1020 3025 vehementer
1037 2951 1150 3024 iuhia-

78 3067 180 3160 bant,
201 3098 267 3168 per
284 3097 447 3144 occasum
461 3068 590 3170 judicis
607 3072 789 3144 absolutos
807 3070 909 3142 vidit.

123 3190 150 3257 ll
165 3189 345 3261 saecularis
359 3215 504 3286 pompa,
519 3216 627 3288 quam
640 3180 865 3286 despicabilis
879 3215 914 3259 cs
924 3189 932 3258 l
944 3189 1025 3287 quia
1043 3189 1149 3258 nimis

82 3333 162 3377 vana
188 3323 225 3377 ct
251 3305 367 3377 labilis
392 3306 445 3377 es!
476 3307 585 3377 Recte
610 3304 826 3403 pluvialibus
851 3304 958 3376 bullis
975 3303 1147 3404 aequanda

80 3421 220 3512 diceris,
239 3450 319 3522 quae
336 3425 370 3495 in
387 3439 575 3496 momento
589 3422 692 3494 valde
711 3420 851 3520 turgida
867 3422 1033 3520 erigeris,
1052 3420 1149 3492 subi-

83 3555 183 3641 toque
200 3544 236 3613 in
256 3542 409 3613 nibilum
431 3540 616 3640 redigeris.
633 3541 726 3613 Ecce
746 3540 1012 3638 potentissimus
1031 3538 1148 3626 heros,

83 3660 130 3729 rui
149 3685 266 3756 nuper
280 3659 479 3757 plusquam
493 3675 639 3730 centum
654 3657 753 3729 milia
772 3658 927 3730 militum
946 3655 1151 3730 serviebant

84 3774 192 3862 avide,
208 3791 244 3847 et
256 3802 365 3875 quem
380 3777 505 3849 multae
519 3793 642 3875 gentes
653 3802 733 3849 cum
747 3792 905 3849 tremore
919 3774 1146 3860 metuebant,

86 3914 171 3965 nunc
190 3922 208 3964 a
228 3896 297 3964 suis
316 3895 471 3992 turpiter
491 3896 527 3966 in
542 3894 651 3966 (lomo
669 3919 743 3966 nou
761 3921 820 3965 sua
835 3896 1006 3992 spoliatus
1023 3910 1093 3978 est,
1114 3909 1149 3962 et

86 4011 228 4104 aprima
248 4010 418 4109 usquead
440 4013 580 4084 tertiam
600 4038 704 4108 supra
724 4009 857 4081 nudam
878 4009 1027 4082 humum
1045 4005 1150 4078 ‘lerc-

88 4118 178 4198 lictus
191 4145 257 4199 est.
274 4130 376 4201 Cives
389 4133 485 4202 cuim
501 4132 778 4228 Rotomagenscs
796 4127 919 4199 andito
934 4129 1031 4224 lapsu
1048 4126 1148 4222 prin·

91 4240 163 4339 cipis
194 4246 294 4317 valtlc
324 4252 439 4321 territi
472 4267 572 4331 sunt,
603 4266 638 4318 ct
666 4274 755 4345 pene
783 4273 907 4319 ‹tmucs
936 4246 1028 4316 velut
1057 4243 1148 4315 ebrii
