3046 5244
76 429 184 506 [ross]
444 426 559 488 num
580 430 769 491 ocrivus.
1083 434 1140 493 sor

77 587 179 659 pares
196 557 283 643 sibi,
304 557 494 658 subjugare
510 589 651 636 summo
669 564 748 634 nisu
766 560 964 651 laboravit,
983 579 1020 636 et
1034 589 1149 663 quos-

75 678 172 762 dam,
191 694 301 776 prout
314 677 521 751 insatiabilis
536 680 710 778 cupiditas
723 680 883 770 dictavit,
900 680 992 754 dolis
1003 700 1038 753 et
1053 684 1151 755 into·

77 796 284 870 lerabilibus
298 795 420 885 bellis,
440 814 501 869 aut
517 798 692 871 insidiosis
714 798 902 871 assultibus
923 826 995 872 suae
1018 799 1148 871 ditioni

78 916 252 986 curvavit.
271 916 347 986 lloe
359 916 496 1012 experti
512 932 596 986 sunt
607 917 712 1014 Hugo
725 916 769 988 de
781 915 966 1005 Nouanto,
982 916 1150 1015 Paganel-

78 1033 132 1104 lus
142 1049 178 1103 et
190 1031 393 1103 Rodbertus
404 1031 448 1103 de
461 1032 592 1104 Sancto
602 1032 788 1121 Cercnico,
802 1031 1059 1106 bernardusde
1074 1032 1150 1103 Fir-

79 1152 293 1246 mitatc(1),
312 1166 348 1221 et
365 1150 424 1219 alii
444 1150 546 1221 multi
557 1205 567 1239 ,
584 1176 673 1249 quos
690 1149 783 1221 idem
796 1176 889 1247 saepe
903 1150 1145 1234 contristavit,

79 1264 271 1364 multisque
291 1263 406 1336 modis
435 1265 562 1336 terruit
585 1282 621 1336 et
639 1266 775 1336 alllixit.
798 1265 933 1337 Multos
953 1265 1147 1349 nimirum,

80 1381 233 1479 demptis
248 1379 446 1454 honoribus
463 1399 500 1453 et
513 1382 708 1454 combustis
726 1381 1012 1469 munitionibus,
1032 1381 1151 1453 humi-

82 1500 197 1584 liavit,
215 1526 275 1570 seu
292 1499 517 1597 depopulatis
534 1499 813 1597 possessionibus
830 1500 865 1571 in
886 1501 1033 1571 nimiam
1047 1524 1150 1598 eges-

82 1632 189 1687 tatem
208 1616 363 1715 redegit,
383 1616 459 1703 vel,
482 1616 580 1716 quod
606 1634 658 1689 est
677 1619 792 1716 pejus,
812 1616 1008 1719 debilitatis
1031 1642 1149 1689 mem-

81 1731 154 1803 bris
185 1760 347 1820 mancos,
379 1750 441 1804 aut
474 1732 670 1831 loripedes,
702 1733 757 1804 sel
788 1731 923 1805 orbatis
952 1731 1150 1805 luminibus

84 1849 223 1920 inutiles
241 1848 409 1920 reddidit.
431 1849 560 1920 Misera
580 1851 698 1949 itaque
721 1850 822 1948 regio
837 1849 873 1920 in
893 1848 1150 1922 desolationem

82 1965 240 2052 redibat,
270 1966 356 2037 dum
385 1967 538 2066 flagrans
567 1967 728 2064 tyrannis
756 1968 895 2039 cruenti
926 1965 1151 2039 Marchionis

81 2110 204 2155 omncs
231 2085 402 2156 finitimos
427 2085 638 2157 conculcare
661 2083 862 2172 ambiebat3
885 2101 1011 2157 contra
1042 2109 1150 2183 quem

82 2201 286 2272 animositas
328 2202 548 2300 ingenuitate
582 2202 659 2298 pari
703 2202 917 2272 tumentium
959 2201 1151 2298 pristinam

83 2317 285 2390 libertatem
309 2344 419 2416 usque
440 2316 483 2387 ad
507 2333 665 2389 mortem
682 2315 864 2389 defensare
880 2315 1073 2414 satagebat.
1093 2317 1151 2388 Sic

85 2433 254 2504 immensa
270 2434 431 2530 quotidie
444 2431 660 2504 detrimenta
678 2430 904 2517 crescebant,
925 2448 962 2502 et
980 2458 1049 2529 pro
1067 2432 1151 2503 viu·

83 2547 174 2620 dicta
194 2550 249 2620 rel
269 2547 508 2648 adquisitione
524 2547 653 2620 damna
666 2547 806 2619 damnis
823 2547 956 2645 adjecta
976 2572 1033 2618 res
1051 2571 1152 2619 mor-

85 2666 209 2739 talium
232 2666 485 2754 conterebant,
506 2667 775 2766 terrigenasque
792 2663 836 2737 ad
856 2663 1010 2737 inediam
1033 2667 1152 2738 mina-

85 2779 183 2854 bant.

131 2899 354 2985 Goissredus,
376 2901 548 2973 Rotronis
566 2902 792 2973 Mauritaniae
810 2902 952 2974 comitis
969 2900 1062 2973 lilius
1074 2901 1150 2999 (2),

120 3232 129 3289 t'
136 3233 159 3298 ι)
173 3231 275 3301 lingue
288 3228 324 3281 de
335 3228 640 3301 Nouantsur-Qucugc
651 3231 760 3298 (Orno)
772 3232 845 3282 avait
857 3230 1067 3302 probablement
1080 3249 1155 3284 rem·

88 3322 161 3391 placi·
172 3321 270 3392 depuis
281 3339 332 3392 peu
345 3319 379 3373 dc
392 3330 480 3391 temps
494 3318 590 3372 ditard
605 3319 639 3372 de
651 3319 777 3381 Nonaut,
789 3319 874 3392 ‹pi’on
888 3320 945 3372 voit
954 3319 1057 3390 figuret
1067 3321 1154 3392 parmi

89 3410 124 3463 les
138 3413 319 3465 birulaiteurs
335 3411 369 3463 de
384 3410 701 3480 t'nbbayeuaui-bames
713 3419 741 3462 et
754 3409 789 3462 de
805 3409 995 3462 lintre-Datne
1007 3408 1042 3461 de
1058 3410 1157 3464 Saint-

90 3501 339 3555 l’ierrc-sur-llirc.
350 3531 385 3542 -
400 3502 434 3553 La
452 3500 555 3553 sauiillc
569 3499 665 3553 Painel
679 3518 694 3550 a
710 3498 825 3570 possede'·
838 3497 863 3552 le
880 3499 928 3552 liei
940 3498 974 3554 de
990 3501 1156 3563 Hauterite,

90 3594 148 3662 pri-s
157 3592 290 3662 Alenqon,
304 3590 404 3662 auquel
414 3591 465 3643 elle
475 3610 489 3642 a
500 3598 616 3642 sousent
624 3587 717 3642 donni·
725 3605 773 3641 son
783 3588 1011 3641 nonu-liobert
1020 3588 1055 3642 de
1064 3589 1156 3642 Saint-

90 3682 184 3735 Ctnrri
200 3682 259 3734 doit
275 3683 334 3735 &tre
351 3682 455 3733 llobcrt
471 3681 584 3744 Giroie,
602 3680 732 3751 seigneur
750 3679 785 3733 de
801 3680 1010 3744 Salat-Generi,
1029 3682 1156 3751 toujours

90 3789 120 3825 en
136 3792 236 3843 guerre
250 3789 313 3823 arec
329 3771 353 3824 le
368 3782 458 3823 comte
472 3770 507 3823 dc
524 3769 651 3822 bellense.

121 3862 216 3916 Painel
230 3873 258 3914 ct.
273 3861 377 3914 llobert
391 3860 425 3913 dc
438 3861 633 3914 saint-Cenem
648 3858 751 3911 etaient
763 3857 974 3929 probableutcut
984 3857 1033 3911 des
1046 3876 1156 3911 rassaux

92 3949 121 4004 de
139 3950 385 4004 Hubert-bernard
404 3950 437 4001 de
457 3951 491 4002 La
511 3946 747 4008 Ferte-bernard,
765 3949 886 4019 pretnier
899 3946 936 4000 du
956 3966 1036 4014 nom,
1056 3946 1156 4000 second

94 4039 129 4093 tils
141 4041 175 4094 dc
188 4042 295 4094 Goslen
309 4040 448 4103 Noeruan,
466 4042 523 4111 tigc
536 4038 571 4092 dc
586 4038 610 4091 la
624 4038 727 4091 sanrille
739 4038 847 4092 Giroie.

122 4131 159 4198 (a,-
172 4129 315 4192 Gcotl'roi,
329 4129 474 4183 deuxiiunc
487 4128 525 4182 du
542 4147 621 4192 nom,
637 4138 728 4181 comte
740 4127 778 4181 du
793 4128 913 4193 Perclre,
928 4127 998 4180 avait
1012 4123 1127 4178 succede
1141 4128 1156 4176 a

95 4233 137 4268 ‹ou
153 4220 217 4288 perc
233 4217 341 4270 llotron
354 4236 413 4270 vers
431 4217 512 4284 1080,
528 4228 555 4272 et
569 4228 683 4270 innurut
696 4235 730 4270 cn
742 4216 857 4270 octobre
872 4233 947 4269 troo.
