3046 5244
61 462 172 541 [tout]
440 456 560 521 uuna
579 454 767 520 octavus.
1078 458 1141 521 arr
1206 406 1209 413 ¹

60 588 211 665 redditis
229 586 496 663 munitionibus
522 588 614 675 suis,
640 612 707 689 per
730 584 956 662 Britanniam
977 589 1141 681 transiit,

60 703 293 797 Britonibus,
313 707 375 808 qui
391 705 460 780 sibi
482 704 713 782 solummodo
731 704 991 781 adminiculum
1007 722 1144 782 contu-

60 808 202 915 lerant,
221 825 353 924 gratias
367 823 544 913 reddidit,
559 840 596 897 et
613 822 773 898 contines
785 821 1021 923 postmodum
1032 822 1144 899 Pran-

60 970 122 1020 cos
137 943 298 1043 expetiit.
318 944 361 1017 ln
379 967 472 1043 pago
488 940 689 1017 vilcassino
707 938 842 1016 nobilis
856 941 942 1015 exul
964 966 1040 1017 non
1058 940 1142 1042 ple-

60 1062 118 1135 nis
161 1058 302 1134 duobus
350 1060 454 1133 annis
494 1073 759 1147 commoratus,
803 1056 941 1133 direma
985 1054 1141 1159 hospitia

59 1178 241 1281 qraaesirit.
256 1177 340 1252 Uno
354 1193 495 1250 tanmm
511 1176 647 1267 milite,
667 1198 813 1278 unoque
828 1175 963 1251 clerico
978 1200 1062 1249 cum
1079 1175 1144 1248 tri·

60 1294 130 1369 bus
146 1294 336 1396 armigeris
352 1309 563 1383 contentus,
587 1316 784 1395 pauperem
802 1293 916 1367 vitam
930 1292 1066 1392 exegit.
1083 1291 1159 1369 Sic·

60 1414 160 1515 regia
179 1413 301 1513 proles
330 1415 368 1487 iu
392 1412 503 1488 exilio
528 1410 656 1487 didicit
679 1412 891 1514 pauperiem
915 1410 1076 1511 perpeti,
1101 1424 1143 1484 ut

59 1530 204 1605 iuturus
217 1557 281 1605 rex
297 1531 436 1634 optime
453 1532 563 1607 sciret
578 1532 720 1606 miseris
735 1546 772 1606 et
789 1527 1036 1632 indigentibus
1047 1553 1143 1604 com·

59 1650 157 1749 pati,
175 1674 375 1751 eorumque
386 1649 578 1752 dejectioni
592 1650 649 1726 rel
665 1648 877 1752 indigentie
889 1646 1001 1750 regali
1015 1662 1144 1748 poten-

62 1768 112 1841 tia
124 1793 187 1840 seu
203 1767 407 1867 dapsilitate
423 1768 612 1871 suffragari
620 1824 634 1860 ,
652 1784 690 1842 et
712 1769 803 1841 ritus
824 1766 1055 1841 infirmorum
1071 1788 1143 1840 ex-

61 1899 204 1983 pertus,
218 1908 269 1956 ets
281 1885 340 1982 pie
356 1883 534 1958 misereri.

111 2002 216 2075 Tunc
234 1999 439 2076 Rodbertus
454 2000 529 2076 dux
553 2027 722 2104 magnam
743 2016 886 2102 partem
903 1999 1142 2074 Normannioe

61 2116 259 2192 Guillelmo
276 2120 351 2220 regi
366 2120 561 2209 concessit,
574 2118 608 2193 le
676 2143 721 2193 ue
732 2116 873 2192 duobus
886 2117 991 2191 annis
1003 2142 1022 2190 a
1036 2114 1143 2190 bellis

62 2234 287 2310 Normannia
299 2238 449 2337 quievit.
465 2237 551 2312 Post
563 2144 829 2337 soaeuitatem
842 2236 1072 2343 Pentecostes
1084 2235 1141 2334 (ι)

61 2350 278 2426 Guillelmus
298 2352 589 2455 archiepiscopus
614 2334 791 2455 sinodum
821 2332 1075 2455 episfflborum
1105 2367 1142 2426 et
1266 2436 1275 2455 ·

62 2467 236 2543 abbatum
256 2469 351 2570 apud
376 2472 621 2574 Rotomagum
646 2471 873 2574 aggregavit,
891 2487 928 2544 et
951 2496 1034 2545 cum
1051 2468 1142 2544 duce

62 2584 266 2679 liudberto,
281 2587 585 2691 suffraganeisque
596 2585 866 2690 praesulibusde
878 2588 1036 2690 Sagiensi
1049 2612 1143 2688 prte-

61 2703 180 2777 aulatu
199 2721 353 2779 tractare
369 2709 494 2807 coepit.
511 2706 675 2783 Tandem
688 2706 794 2783 linito
811 2706 996 2792 consultu,
1015 2704 1141 2780 Serlo-

63 2844 167 2908 nem,
186 2821 409 2895 Uticensium
428 2841 628 2913 rectorem,
643 2824 772 2926 elegit,
787 2824 891 2925 eique
904 2823 1140 2897 Salariensem

10 3008 14 3013 .
62 2939 311 3038 episcopatum
327 2941 431 3015 valde
451 2945 622 3017 renitenti
641 2944 836 3018 commisit.
851 2944 1016 3044 Denique
1033 2956 1070 3015 x⁰
1083 2940 1143 3014 la-

63 3054 188 3129 lendes
198 3057 254 3155 (a)
261 3058 342 3158 julii
355 3061 545 3159 praelatum
561 3059 786 3135 coenobitam
797 3052 1040 3161 llofl'magum
1057 3082 1143 3132 oon·

61 3174 225 3264 vocarit,
246 3191 283 3248 ct
309 3178 344 3249 in
369 3178 515 3251 ecelesia
543 3194 676 3252 sanctae
705 3178 770 3252 Dei
796 3176 981 3280 genitricis·
1013 3176 1140 3275 Marioe

61 3293 237 3366 canonice
252 3296 489 3368 consecrarit.
508 3295 626 3370 Porro
638 3294 864 3370 venerandus
880 3295 983 3369 Serlo
999 3318 1140 3393 suscep·

63 3423 138 3485 tam
166 3408 396 3508 pontificatus
423 3413 599 3486 sarcinam
621 3437 724 3486 xxxu
752 3412 856 3487 anuis
881 3427 918 3486 ct
944 3436 982 3486 tv
1009 3410 1142 3483 mensi·

60 3727 207 3781 tmisilme
219 3726 258 3781 les
269 3729 348 3782 traits
356 3727 549 3803 d'inuupiditd
559 3739 589 3784 et
599 3728 634 3784 de
644 3728 845 3802 magmuimite
855 3726 891 3785 de
901 3746 933 3785 oe
942 3730 1048 3804 prince,
1060 3730 1141 3804 aprs'u

59 3817 133 3893 qsa'il
145 3829 195 3873 eut
207 3822 252 3874 e'tc'
265 3822 393 3875 renvcrse
404 3819 440 3875 de
452 3838 503 3876 sou
515 3819 611 3876 cheval
621 3819 691 3876 daus
699 3819 726 3875 la
736 3819 840 3887 melec,
852 3831 920 3877 etta
932 3820 1033 3877 duretd
1042 3837 1140 3875 envers

60 3926 114 3962 sou
124 3909 211 3979 jeuuc
225 3909 297 3962 iren·
312 3911 430 3986 assiege,
446 3922 617 3968 contr-astant
629 3930 694 3968 arec
706 3911 732 3966 la
746 3910 834 3968 bontc'
848 3922 877 3967 et
895 3911 935 3968 les
953 3912 1061 3986 petulca
1074 3922 1139 3968 tou·

60 3998 180 4053 ubantes
193 3999 228 4054 dc
241 4000 356 4057 llobert.

99 4088 138 4159 (ι)
153 4088 190 4143 Le
201 4091 268 4160 jour
281 4089 316 4145 dc
330 4090 355 4147 la
368 4092 516 4149 Pentecotc
527 4094 570 4149 lut
583 4103 657 4149 ccttc
669 4094 758 4149 anusie
768 4092 795 4149 le
811 4106 844 4150 1“
853 4092 927 4164 juin.

99 4180 139 4247 (a)
156 4179 192 4233 le
206 4196 239 4232 aa
249 4181 322 4252 juin.
