3046 5244
226 448 336 529 [lost]
606 444 722 509 nstin
743 444 932 509 omerus.
1242 448 1305 512 srs

230 582 323 654 tersit
335 596 382 667 te,
402 605 484 652 cum
500 594 536 650 tn
551 593 674 652 nostro
685 579 833 676 coepisti
844 604 985 682 rapere.
1002 578 1052 653 At
1065 576 1139 667 ille,
1152 576 1307 653 nimium

229 697 397 784 territus,
425 694 603 768 caballum
630 692 784 785 dimisit,
810 695 997 798 tribusque
1019 693 1197 770 militibus
1224 718 1309 769 eum

225 811 406 915 prendere
425 811 650 899 volentibus,
670 827 822 913 quartus
848 810 941 885 dixit
960 844 969 887 ε
988 814 1107 887 Sinite
1132 812 1254 901 illum,
1273 827 1308 885 et

221 932 421 1034 permittite
445 929 544 1029 loqui
567 955 730 1020 mecum,
755 935 841 1031 quia
865 932 1019 1033 conjugi
1043 928 1309 1033 metefiliisque

226 1053 316 1123 meis
329 1075 410 1121 mea
426 1051 567 1121 mittam
582 1030 764 1122 mandata
775 1076 842 1148 per
858 1048 977 1121 illum.
998 1047 1138 1124 Deinde
1152 1048 1309 1122 nimium

226 1166 372 1265 paventi
391 1163 604 1264 presbytero
620 1164 713 1237 dixit
730 1195 739 1236 :
759 1165 864 1237 Audi
881 1190 956 1252 me,
976 1190 1106 1265 quaeso
1114 1222 1127 1256 ,
1146 1180 1182 1238 et
1198 1165 1310 1237 uxori

228 1307 321 1354 meae
340 1278 435 1378 riser
447 1307 530 1381 quoe
544 1281 693 1355 mando.
707 1279 900 1381 Presbyter
914 1279 1121 1380 respondit,
1144 1281 1243 1381 Quis
1259 1285 1310 1353 sie

229 1405 375 1489 neseio,
395 1415 428 1470 et
454 1426 603 1471 uxorem
622 1415 723 1473 tuam
742 1426 817 1473 non
841 1425 1032 1500 cognosco.
1056 1399 1163 1473 Miles
1185 1397 1278 1473 dixit
1296 1428 1307 1471 z

231 1515 318 1615 Ego
331 1540 410 1587 sum
427 1513 645 1587 Guillelmus
658 1514 706 1587 de
720 1514 842 1589 Glotis
856 1515 1046 1616 (t),filius
1061 1516 1221 1589 Batonis
1237 1516 1307 1613 (2),

231 1630 477 1731 quisomosus
486 1631 558 1729 sui
582 1630 771 1732 quondam
793 1628 945 1733 dopffer
970 1631 1160 1707 Guillelmi
1175 1632 1310 1705 Bruto-

232 1748 373 1835 liensis,
393 1765 427 1820 et
437 1751 560 1851 patris
578 1750 659 1851 ejus
681 1749 892 1841 Gaulotus,
912 1746 1173 1852 Herforderrsis
1191 1749 1310 1822 comi-

232 1869 279 1939 tis
306 1867 375 1964 (3).
404 1867 642 1968 Prcejudieiis
658 1884 693 1939 et
717 1868 858 1969 rapinis
885 1869 979 1942 r'rrter
1003 1868 1173 1943 mortales
1192 1865 1310 1938 onlte-

232 1984 324 2074 lovi,
344 1985 537 2085 multisque
539 1982 778 2083 jecinoribus
791 1984 880 2085 plus
896 2012 1009 2086 quom
1030 1982 1161 2086 referri
1169 2000 1307 2088 potest,

230 2107 398 2203 peceavi.
429 2105 610 2176 Coeterum
639 2106 895 2205 superomnia
921 2130 978 2178 me
1007 2105 1150 2178 emeret
1181 2128 1307 2176 usura.

233 2220 337 2293 Nom
354 2221 536 2320 indigenti
559 2221 711 2294 cuidam
729 2223 932 2324 pecuniam
951 2247 1072 2295 meam
1092 2229 1257 2321 erogavi,
1275 2234 1311 2291 et

233 2338 421 2439 quoddam
435 2340 685 2412 molendinum
699 2339 778 2431 ejus
794 2364 863 2438 pro
878 2344 1031 2441 pignore
1049 2339 1188 2440 recepi,
1207 2338 1310 2439 ipso-

233 2479 303 2553 que
317 2480 462 2526 censum
478 2454 630 2527 reddere
641 2480 712 2527 nort
726 2454 885 2545 valente,
898 2470 973 2527 tota
986 2456 1067 2527 vita
1078 2480 1161 2526 meo
1171 2454 1309 2554 pignus

235 2573 387 2659 retinui,
422 2588 456 2643 et
482 2572 645 2671 legitimo
677 2570 811 2646 herede
837 2569 1089 2661 exheredato,
1118 2567 1310 2643 heredibus

234 2693 324 2762 meis
337 2691 478 2789 reliqui.
496 2692 596 2764 Ecce
612 2688 925 2791 tandemserrum
939 2688 1142 2763 molendini
1152 2704 1258 2789 gesto
1269 2687 1310 2759 in

235 2834 312 2897 ore,
328 2808 430 2906 quod
447 2814 525 2881 sine
542 2807 653 2880 dubio
678 2807 769 2881 mibi
781 2810 930 2882 videtur
943 2806 1198 2906 adserendum
1215 2831 1309 2903 gra·

235 2929 313 2998 rius
325 2929 589 3026 liotomngerrsi
600 2954 697 2999 arce.
713 2928 788 3001 Dic
802 2954 890 3027 ergo
904 2927 1191 3000 Bentricirtoeori
1201 2952 1306 3014 meoe,

235 3060 269 3115 et
286 3045 446 3142 Rogerio
449 3046 538 3136 filio
555 3070 655 3132 meo,
674 3062 712 3116 ut
728 3043 820 3117 milri
833 3044 1063 3130 subveniant,
1082 3061 1117 3117 et
1132 3042 1310 3117 vadimo-

234 3162 337 3231 nium
356 3162 453 3231 rmde
476 3160 585 3231 multo
605 3163 692 3261 plus
709 3179 919 3262 receperunt
941 3188 1054 3259 quam
1071 3158 1178 3246 dedi,
1203 3158 1309 3230 velo-

237 3283 325 3350 citer
340 3277 462 3349 lreredi
484 3282 689 3351 restituant.
708 3278 900 3376 Presbyter
920 3275 1128 3378 respondit:
1147 3277 1310 3349 Guillel·

237 3423 318 3468 mus
331 3397 377 3468 de
403 3397 524 3469 Glotis
534 3397 763 3496 jamdudum
783 3415 944 3470 mortuus
957 3412 1028 3481 est,
1046 3411 1080 3467 et
1096 3393 1309 3495 hujusmodi

237 3511 375 3610 legatio
393 3512 662 3611 nnllifidelinm
677 3512 913 3612 (receptabilis
926 3528 993 3584 est.
1010 3512 1150 3584 Nescio
1161 3514 1242 3612 quis
1254 3538 1307 3598 es,

236 3653 303 3700 nec
321 3630 389 3726 qui
413 3631 468 3699 tui
490 3644 575 3700 nint
592 3627 752 3702 heredes.
774 3628 818 3701 Si
839 3630 998 3727 Rogerio
1017 3627 1066 3701 de
1089 3626 1222 3718 Glotis,
1248 3626 1311 3699 vel
1437 3709 1442 3719 Ι

224 3742 411 3839 fratribus
434 3747 534 3844 ejus,
556 3764 621 3817 out
647 3749 759 3818 matri
777 3771 902 3819 eorum
924 3770 1188 3846 presumpserit
1216 3742 1308 3815 talia

273 4052 312 4117 (ι)
325 4049 591 4119 ctos-tarentin,
609 4052 788 4123 aujourd’bui
803 4051 1071 4125 &osseus-laide.

274 4143 312 4206 (¹1)
329 4139 402 4192 Lisez
439 4140 587 4194 Barrrortir.

276 4226 313 4295 (5)
326 4229 487 4285 tinilianme
505 4233 524 4285 1³
526 4234 711 4288 tiz-ortwine.
