3046 5244
228 410 324 484 [sunto
341 409 432 489 tots]
627 405 746 469 blllllb
766 404 904 469 NONUS.
1237 410 1296 471 651

226 536 315 612 dens
328 537 514 613 desaevire.
531 538 582 612 Et
598 538 683 613 licet
702 538 796 641 ignis
812 535 1007 639 gentilibus
1023 552 1110 612 tunc
1123 534 1302 613 indemnis

226 658 355 749 suerit,
379 658 536 731 multum
549 673 670 731 tamen
685 656 756 730 illis
774 656 922 731 incussit
937 672 1118 731 terrorem
1134 671 1172 729 et
1183 680 1302 731 moes·

230 773 363 867 titiam,
385 774 597 849 Christianis
617 790 738 849 autem
754 773 914 849 solamen
931 789 969 847 ct
984 772 1169 864 letitiam,
1185 772 1302 847 utris-

227 918 299 990 que
322 893 465 992 populis
490 894 634 992 signum
655 890 745 967 illud
767 890 813 966 (le
838 890 937 967 coelo
958 890 1104 965 enituit.
1121 888 1302 991 Oppidani

228 1026 302 1084 tota
326 1008 384 1082 die
411 1010 592 1085 instabant
616 1011 750 1085 lanceis
765 1026 803 1084 et
818 1008 1033 1101 missilibus,
1057 1024 1095 1083 et
1115 1006 1304 1084 illidebant

229 1129 375 1201 vulnera
400 1128 621 1204 vulneribus.
639 1128 844 1202 Castrenses
867 1128 1088 1203 estrimecus
1104 1128 1153 1201 itu
1174 1126 1305 1201 civita·

230 1260 338 1317 tatem
356 1246 742 1334 circumvallaverunt,
758 1261 800 1319 ut
815 1245 952 1319 nemini
967 1258 1108 1345 pateret
1125 1244 1162 1317 in
1174 1242 1235 1317 die
1252 1243 1306 1317 in·
1367 1266 1376 1283 ¹

230 1361 377 1449 troitus,
403 1362 459 1434 vel
490 1361 619 1459 exitus.
646 1360 762 1435 Nocte
792 1357 988 1461 aliquamlo
1012 1358 1141 1460 aliquis
1163 1373 1307 1458 poterat

228 1481 345 1567 exire,
375 1478 435 1551 sed
472 1480 635 1568 occulte,
663 1494 810 1553 etcum
842 1501 978 1579 magno
1006 1477 1153 1552 timore.
1179 1475 1306 1551 Fames

231 1594 357 1668 indies
373 1595 664 1686 convalescebat,
681 1611 719 1670 et
733 1595 955 1671 Christianos
968 1595 1064 1669 ultra
1080 1620 1191 1699 quam
1206 1592 1304 1669 credi

230 1730 347 1812 potest
368 1714 533 1814 angebat.
565 1714 672 1787 Multi
705 1711 881 1815 siquidem
914 1710 1175 1812 expiraverunt
1195 1712 1304 1785 lame.

230 1832 334 1903 Panis
351 1832 569 1930 paximacius
586 1831 644 1930 (r)
665 1846 702 1904 et
715 1828 945 1929 permodicus
952 1828 1011 1937 ,ιεί
1034 1825 1181 1930 mando
1197 1828 1307 1901 inve·

231 1948 411 2034 aiebatur,
433 1948 607 2047 bymnteo
628 1946 919 2048 comparabatur.
944 1946 1101 2049 Equinse
1123 1970 1251 2020 carnes
1269 1961 1308 2019 st

231 2067 380 2138 asininae
396 2094 464 2165 pro
481 2064 729 2165 imperialibus
739 2064 878 2140 deliciis
887 2062 1207 2165 computabantur.
1222 2062 1307 2138 Gal·

234 2183 318 2254 linae
332 2184 490 2281 pretium
505 2209 552 2256 xv
566 2200 645 2257 crat
656 2182 871 2259 solidorum.
883 2181 1004 2258 Ovum
1016 2180 1159 2257 duobus
1167 2180 1305 2273 solidis,

232 2325 305 2370 ltux
328 2298 471 2398 juglans
497 2326 572 2373 uuo
585 2298 860 2400 appretiabatur
881 2297 1047 2374 denario.
1073 2296 1209 2373 Multos
1229 2312 1308 2371 sta-

232 2433 324 2486 teres
353 2441 507 2517 quaeque
535 2416 617 2490 vilia
646 2416 829 2492 valebant.
858 2414 987 2491 Taedet
1010 2441 1069 2490 me
1095 2415 1306 2517 singillatim

231 2559 444 2606 cariamcaare
460 2534 695 2610 multimodos
718 2534 860 2610 labores
879 2552 917 2609 et
934 2560 1063 2610 omnes
1083 2534 1244 2608 miserias
1264 2560 1307 2609 ac

232 2653 423 2750 passiones,
433 2654 568 2753 quasin
579 2652 818 2728 urbeobaessa
828 2650 1137 2751 xxxvtsliebus(a)
1149 2652 1306 2753 perpessi

232 2785 314 2841 suan
329 2768 554 2844 Christicolae
567 2773 771 2847 muniones.
782 2772 955 2847 ,Siclleus
967 2796 1049 2847 suos
1060 2768 1213 2845 athletas
1223 2794 1309 2871 pro-

232 2887 350 2974 bavit,
366 2906 401 2961 et
415 2906 486 2960 uta
503 2892 663 2989 propriis
678 2889 835 2965 reatibus
847 2890 1095 2990 expiarentur,
1113 2891 1149 2963 in
1164 2889 1308 2963 camino

234 2993 484 3077 tribulationis
499 3009 735 3095 examinavit,
760 3024 797 3080 et
818 3022 993 3108 purgatos
1013 3005 1172 3107 gloriose
1187 3004 1308 3080 bono-

234 3141 339 3195 tulit.

283 3240 485 3338 Stephanus
502 3242 663 3328 interim,
679 3266 803 3315 comcs
818 3241 1066 3329 Carnotensis,
1082 3240 1306 3331 infirmitate,

235 3375 274 3428 nt
291 3357 449 3446 (licebat,
470 3358 634 3431 detentas
652 3357 895 3458 aliquantula,
910 3357 1003 3429 sicut
1017 3354 1155 3428 dictum
1169 3371 1242 3443 est,
1263 3354 1308 3429 ad

233 3644 268 3679 en
279 3637 358 3696 ayant
373 3629 418 3679 atr
431 3626 536 3679 manin
546 3624 668 3680 oculaire
678 3624 747 3679 dans
758 3634 831 3679 cette
841 3622 916 3678 ville.
925 3621 1042 3679 Suiuant
1055 3619 1169 3676 Floreat
1179 3620 1215 3677 dc
1224 3620 1310 3677 Woe-

234 3728 332 3780 cestra·,
346 3717 398 3770 ulle
409 3718 528 3770 n'amnit
539 3736 573 3771 eu
589 3715 643 3771 lieu
658 3735 714 3790 quc
726 3715 752 3770 lc
765 3733 799 3792 27
812 3712 984 3790 septembre,
997 3710 1136 3787 plusieun
1148 3712 1219 3769 mois
1228 3713 1309 3786 apres

234 3807 360 3880 lupoque
375 3809 423 3880 qni
438 3808 476 3860 lui
489 3819 530 3861 cst
545 3807 672 3879 assiguee
688 3804 736 3862 ici.

269 3908 276 3953 τ’
285 3904 308 3965 ι)
324 3900 389 3953 Coit
404 3917 467 3952 sous
480 3899 504 3952 la
517 3897 630 3953 cernlre.

281 3992 307 4055 a)
319 3991 357 4039 (In
371 3988 468 4041 abillae
480 4000 519 4041 cst
532 3989 677 4060 baaaacaup
689 3997 754 4061 trop
767 3986 864 4054 laiblc3
878 3984 918 4041 les
930 3986 1033 4041 canisio
1048 3984 1182 4041 sestius-nt
1196 3984 1259 4056 pria
1273 3982 1309 4039 dc

235 4079 306 4130 «lani
324 4080 393 4130 anans·
408 4079 522 4151 lalnqnes
534 4079 601 4133 dana·
616 4079 764 4134 Antioche.
1056 4070 1066 4089 ⁰
