3016 5242
519 480 634 542 ttnuu
654 480 812 544 suxtus.
1178 486 1196 545 ³

133 614 332 712 nipotentis
353 614 567 712 imperantes
589 613 762 687 dominati
786 629 890 702 sunt,
909 615 985 712 jam
1006 641 1087 687 cum
1114 642 1198 716 rege

129 755 211 817 suo,
221 755 376 829 superna
391 729 556 803 mercede
569 731 688 829 potiti,
699 731 817 803 felices
827 730 863 801 in
875 731 972 803 coelo
984 732 1197 805 consistunt.

131 849 356 924 Successores
371 867 492 923 autem
509 875 635 924 eorum
644 904 655 937 ,
674 851 735 949 qui
750 848 933 948 potestatis
949 852 1086 948 apicem
1102 850 1197 923 obti-

131 982 242 1054 nent,
273 980 310 1039 et
336 967 455 1040 Rubbi
481 968 698 1056 vocitantur,
724 983 830 1067 atque
859 991 966 1066 super
993 952 1199 1041 cathedram

132 1079 248 1177 Moysi
265 1079 441 1170 resident,
460 1080 689 1154 saecularibus
706 1082 845 1180 pompis
858 1097 894 1154 et
905 1079 1038 1154 divitiis
1053 1083 1200 1182 (quibus

132 1195 297 1297 plerique
319 1199 472 1271 nimium
495 1195 656 1295 inhiant)
679 1198 928 1296 multipliciter
958 1199 1119 1296 pollent;
1139 1199 1202 1295 sed

130 1313 264 1386 merito
280 1315 495 1402 sanctitatis,
515 1315 748 1414 potentiaque
764 1315 940 1385 virtutum
956 1331 993 1388 et
1013 1313 1200 1415 prodigio·

131 1455 215 1502 rum
232 1454 307 1504 non
326 1456 428 1531 aeque
445 1430 616 1504 renitent.
631 1432 685 1504 De
698 1456 804 1504 cursu
823 1447 941 1503 tamen
958 1433 1078 1503 saeculi
1093 1448 1129 1504 et
1145 1456 1201 1504 re-

130 1545 199 1619 bus
207 1546 374 1621 humanis
385 1549 561 1622 veraciter
570 1547 802 1623 scribendum
811 1564 876 1635 est,
889 1564 995 1648 atque
1005 1547 1050 1621 ad
1058 1546 1199 1622 laudem

130 1663 314 1739 creatoris
334 1681 372 1739 et
384 1668 548 1739 omnium
566 1691 687 1739 rerum
709 1666 795 1764 justi
820 1664 1073 1764 gubernatoris
1091 1664 1199 1739 chro-

131 1783 330 1883 nographia
345 1783 531 1884 pangenda
558 1800 623 1856 est.
641 1784 812 1857 AEternus
834 1785 929 1856 enim
947 1783 1115 1858 conditor
1135 1810 1200 1856 us-

130 1898 327 1997 quemodo
342 1915 528 1998 operatur,
549 1916 585 1972 et
596 1901 716 1973 omnia
735 1899 827 1971 mire
840 1895 1020 1998 disponit;
1041 1899 1085 1972 de
1103 1902 1201 1999 cujus

129 2015 299 2112 gloriosis
316 2014 453 2090 actibus
476 2018 628 2117 quisque
648 2043 717 2114 pro
740 2041 805 2089 suo
830 2016 937 2089 libitu
961 2034 998 2088 et
1019 2043 1121 2116 posse
1141 2018 1201 2117 pie

127 2148 291 2230 promat,
308 2133 406 2234 qtrod
422 2135 454 2207 ei
471 2132 643 2206 divinitus
657 2133 869 2230 inspiratum
887 2133 1014 2205 luerit!

178 2250 224 2321 11.
245 2248 358 2324 Anno
372 2250 419 2323 ab
433 2252 682 2324 incarnatione
702 2249 848 2323 Domini
866 2263 908 2320 u⁰
922 2263 981 2320 nx⁰
996 2262 1063 2335 v1⁰,
1083 2246 1199 2321 indic·

130 2366 229 2439 tione
237 2369 379 2468 quinta,
389 2367 603 2441 Guillelmus
611 2365 683 2439 dux
691 2363 1200 2454 Normannorum,deliciente
1223 2430 1227 2438 .

127 2484 269 2557 strenui
281 2485 376 2584 regis
388 2483 521 2584 Edgari
535 2485 660 2583 stirpe,
675 2506 757 2583 quae
776 2481 903 2556 idonea
917 2498 1006 2558 esset
1017 2481 1061 2555 ad
1078 2499 1201 2557 tenen·

127 2597 217 2672 dum
227 2603 557 2701 sceptrumuegale,
573 2626 656 2675 cum
667 2600 790 2671 multis
802 2599 963 2672 millibus
976 2615 1199 2675 armatorum

126 2712 173 2787 ad
187 2714 328 2816 Anglos
340 2717 597 2805 transfretavit,
612 2732 649 2789 et
663 2718 700 2788 in
714 2740 842 2814 campo
857 2715 984 2789 Senlac
999 2716 1199 2790 invasorem

127 2833 232 2932 regni
241 2831 717 2909 Albiuuisllaraldumbello
727 2834 890 2933 peremit.
898 2832 1200 2917 Deinde‚Francis

124 2963 166 3019 et
187 2947 318 3049 Anglis
334 2947 628 3049 peroptantibus,
656 2948 767 3048 indie
791 2950 926 3022 Natalis
942 2951 1088 3024 Domini
1105 2951 1199 3050 apud

125 3054 499 3140 Guestmorrasterium
516 3067 562 3140 ab
580 3064 760 3141 Adelredo
779 3066 998 3141 Eboracensi
1018 3066 1200 3167 archiepi-

125 3208 240 3281 scopo
256 3173 321 3257 rei
338 3201 564 3259 consecratus
580 3202 652 3275 est,
675 3209 859 3285 regnoque
881 3184 1035 3285 Anglico
1059 3210 1109 3258 xx
1130 3212 1199 3258 an-

126 3299 185 3370 nis
210 3316 248 3373 et
276 3326 346 3375 vm
371 3302 556 3375 mensibus
585 3329 626 3375 ac
652 3328 713 3375 xvr
739 3301 865 3376 diebus
891 3304 1035 3375 sortiter
1064 3304 1200 3403 potitus

123 3430 181 3487 est
203 3418 275 3514 (r).
306 3417 543 3492 contumaces
570 3421 673 3520 regni
700 3419 793 3495 filios
821 3420 1018 3520 confregit,
1046 3421 1200 3494 vinculis

126 3532 272 3632 injecit,
293 3533 541 3626 exheredavit,
560 3536 717 3637 expulit,
733 3553 769 3609 et
785 3553 885 3609 extra
904 3538 1058 3611 limitem
1072 3536 1200 3612 natalis

123 3648 193 3721 soli
204 3647 385 3749 dispersit.
399 3652 554 3728 Clientes
562 3674 655 3729 'vero
667 3680 748 3729 suos
762 3672 800 3728 et
811 3657 967 3729 lautores
976 3656 1196 3744 sublimavit,

123 3768 265 3865 magnis
277 3767 478 3844 honoribus
491 3772 738 3872 locupletavit,
754 3776 929 3873 regnique
943 3774 1095 3873 negotiis
1107 3798 1199 3871 prm·

124 3882 249 3958 ficiens
263 3889 519 3989 magnificavit.
539 3892 595 3964 Ex
617 3891 671 3963 his
697 3894 802 3991 Hugo
829 3890 1097 3964 Abrincatensis
1118 3892 1195 3989 (a),

124 3998 268 4074 Ricardi
285 4006 500 4103 cognomine
514 4007 588 4080 Goz
607 4007 717 4094 filius,
740 4008 834 4079 inter
852 4023 1001 4080 caeteros
1017 4023 1199 4104 magnates

1039 4157 1188 4167 ..ψ-...-

160 4229 199 4296 (r)
213 4229 248 4281 25
262 4225 411 4283 decembre
428 4227 529 4302 redd-9
542 4226 698 4300 septembre
715 4226 792 4301 1087.

159 4320 200 4389 (a)
212 4324 258 4374 Au
272 4317 346 4390 sajet
356 4317 392 4374 de
405 4336 437 4373 ce
451 4319 591 4390 seigneur,
606 4334 687 4388 voyer
701 4315 837 4370 ridemus
851 4326 870 4368 t.
887 4315 913 4368 lt
921 4354 930 4379 ,
944 4331 970 4385 p.
987 4329 1048 4383 219.
