3016 5242
466 472 581 532 Llllllli
601 471 760 534 SEXTUS.
1108 480 1144 539 13

80 601 243 700 Hugoois
259 597 303 671 de
323 597 637 675 Grentemaisnilio
650 603 868 676 vicecomitis
885 605 1144 704 legrecestrae,

78 716 1146 825 cumGuidoneMedantensi(t),ejusdemarmigero;llrogo

78 837 209 923 etiam,
231 834 325 907 filius
347 834 525 908 Goissredi
542 835 586 909 de
606 836 895 912 Novo-Mercato
914 840 986 937 (a),
1005 857 1042 913 et
1068 840 1147 915 0do

79 953 291 1052 Capelianus
307 952 466 1039 comitis,
488 951 580 1026 lilius
594 953 738 1027 Ernulfi
757 955 933 1029 Dolensis.
953 957 1013 1028 lsti
1032 957 1146 1030 nimi-

80 1097 175 1156 rum,
197 1070 370 1143 instinctu
383 1067 532 1143 Ernaldi
548 1072 563 1167 (
572 1073 670 1170 cujus
682 1088 847 1170 parentes
858 1073 1063 1148 Uticensem
1077 1074 1146 1147 ab·

81 1189 213 1261 batiam
224 1192 536 1286 construxerant),
554 1189 699 1263 Uticum
711 1189 898 1281 adierunt,
917 1207 953 1263 et
969 1218 988 1263 a
1002 1192 1145 1265 Maine-

81 1308 134 1380 rio
151 1304 284 1378 abbate
299 1322 483 1405 gratanter
500 1307 537 1379 in
556 1308 774 1381 monasterio
791 1308 942 1407 suscepti
960 1325 1057 1381 sunt.
1075 1310 1144 1402 Qui

82 1424 189 1523 longo
209 1440 370 1520 tempore
389 1423 604 1521 regulariter
624 1422 756 1497 ibidem
773 1427 973 1498 conversati
990 1441 1090 1514 sunt,
1110 1442 1146 1499 et

80 1540 327 1614 ecclesiasticas
337 1565 392 1613 res
407 1539 578 1614 industria
591 1558 625 1614 et
634 1541 873 1615 sollicitudine
884 1569 944 1614 sua
956 1542 1145 1617 commode

80 1673 269 1728 auxerunt.

124 1772 305 1847 Geroldus
317 1791 454 1863 autem,
472 1777 533 1876 qui
548 1778 639 1850 sieut
651 1777 764 1877 gallus
776 1776 997 1852 dormientes
1009 1779 1045 1851 in
1060 1803 1144 1876 pro·

78 1889 182 1964 sunda
194 1908 303 1965 nocte
311 1890 490 1968 cantando
499 1894 643 1982 excitat,
655 1897 705 1969 sic
716 1895 753 1968 in
763 1893 980 1969 obscuritate
989 1892 1144 1967 Lethaeae

79 2005 271 2080 oblivionis
286 2024 323 2079 et
337 2008 578 2107 profunditate
593 2009 785 2083 mundialis
798 2010 976 2084 illecebrae
992 2010 1143 2098 illectos,

80 2121 227 2197 verbnm
245 2123 309 2197 Dei
328 2122 499 2215 serendo,
519 2123 562 2198 ad
580 2127 728 2200 meliora
747 2129 942 2213 extulerat,
966 2152 1039 2200 sese
1061 2143 1145 2199 tan-

76 2238 160 2311 dem
168 2238 327 2338 propriis
338 2241 465 2339 penms
477 2243 695 2340 percutiens,
708 2270 727 2312 a
741 2245 888 2340 torpore
901 2242 1072 2314 vivaciter
1085 2267 1145 2313 ex·

77 2358 203 2444 cussit,
220 2356 488 2456 discipulosque
504 2383 585 2431 suos
604 2356 669 2454 (de
686 2356 815 2457 quibus
838 2356 1052 2456 praedictum
1068 2360 1146 2454 est)

77 2497 243 2572 sequens,
259 2473 405 2546 Uticum
429 2473 527 2546 adire
545 2476 685 2574 sategit.
702 2475 838 2550 Verum
851 2475 996 2548 volente
1011 2476 1087 2548 Deo
1106 2475 1144 2546 in

78 2589 206 2688 Anglia
229 2614 415 2663 remanere
438 2607 579 2664 coactus
603 2608 668 2664 est.
689 2591 782 2664 Nam
801 2590 864 2664 ubi
889 2593 1065 2665 Guentam
1088 2591 1144 2689 (3)

76 2710 263 2805 pervenit,
287 2709 445 2808 graviter
472 2726 650 2808 aegrotare
673 2711 806 2808 eoepit,
831 2726 1000 2809 metuque
1016 2707 1147 2783 mortis

76 2826 112 2896 in
126 2826 242 2898 veteri
254 2826 475 2899 monasterio
487 2826 605 2898 Sancti
619 2828 715 2900 Petri
724 2827 782 2923 (4)
793 2825 1144 2901 monachileschema

74 2941 204 3016 devote
220 2942 376 3042 suscepit
382 2973 393 3032 3
411 2942 544 3042 diuque
566 2942 633 3015 sub
651 2939 889 3015 Gualebelino
908 2942 1082 3042 praesule,
1107 2957 1145 3013 et

73 3056 506 3159 Godeirido‘peritissimo
522 3087 563 3134 ac
576 3060 744 3160 religioso
759 3060 883 3159 priore
900 3062 952 3158 (5)
969 3059 1144 3162 regulari·

75 3189 131 3246 ter
155 3175 259 3247 vixit.
284 3173 372 3247 lude
396 3176 647 3275 postaliquod
674 3193 813 3274 tempus
832 3174 876 3248 ad
898 3175 1058 3274 regimen
1078 3201 1146 3248 ec-

107 3533 148 3599 (ι)
160 3531 220 3587 Gui
234 3530 270 3586 de
282 3531 385 3586 Mente.

109 3622 150 3690 (a)
169 3619 224 3674 sar
243 3617 367 3675 Geoffroi
386 3619 427 3672 du
446 3619 664 3683 lieni-Marche,
685 3637 766 3690 voye:
780 3619 923 3680 cidessus,
936 3631 955 3674 t.
975 3620 1017 3687 11,
1040 3640 1067 3693 p.
1094 3637 1143 3674 rra

70 3720 100 3764 et
113 3706 178 3782 396.
188 3740 221 3749 -
232 3707 333 3762 Ernoll
342 3708 377 3762 de
390 3707 441 3763 not
454 3728 489 3764 en
502 3709 647 3780 Bretagne.

105 3797 149 3870 (a)
162 3799 354 3854 winchester.

107 3893 148 3960 (l)
162 3893 199 3945 la
210 3888 370 3945 catliedrale
382 3889 417 3944 de
427 3889 619 3943 winchester.

105 3981 149 4049 (5)
167 3976 305 4035 Godelroi
318 3977 352 4033 de
371 3978 515 4043 cambrai,
525 3977 640 4032 d’abord
653 3977 751 4049 simple
763 3978 855 4033 moine
867 3982 882 4033 'a
896 3977 1083 4044 Wincbester,
1099 3977 1143 4031 sut

69 4070 148 4125 eleve'
164 4087 220 4129 aux
238 4069 378 4123 fonctions
394 4068 428 4123 de
441 4071 537 4141 prieur
549 4086 584 4122 en
601 4066 680 4133 1082,
700 4066 810 4140 lorsque
822 4086 872 4122 son
890 4065 1086 4139 pre'dc'cesseur
1097 4066 1141 4119 Si-

70 4162 170 4224 meon,
186 4160 261 4215 luere
274 4157 309 4211 de
324 4158 444 4231 l’e'reque
459 4157 633 4231 Vauquelin,
649 4156 692 4210 sut
708 4159 821 4211 nornine
836 4156 906 4212 abbe'
919 4143 1008 4227 ct‘tuy.
1023 4154 1046 4208 ll
1061 4171 1141 4207 mou-

69 4262 119 4305 rut
129 4270 165 4306 en
178 4251 270 4305 oileus
281 4249 317 4309 ite
330 4250 460 4314 saintete'‚
473 4249 498 4303 le
515 4266 549 4321 27
561 4247 707 4302 ‹leccinbte
726 4266 800 4320 ¹¹⁰7·
