3046 5244
229 482 433 558 [ussum]
613 477 728 540 uum
748 476 907 540 sexsus.
1235 489 1292 547 ns

276 611 319 680 V
315 637 434 700 erum,
457 626 496 682 ut
513 613 636 683 seratis
652 615 732 709 quis
749 611 809 682 uel
823 611 940 710 qualis
960 617 1027 685 iste
1036 613 1168 707 suerit,
1183 642 1290 717 pau-

227 728 339 801 lulum
362 755 387 800 a
406 731 591 828 proposito
612 728 872 827 digrediamur.
896 730 971 804 Hie
992 731 1199 806 Radbertus
1220 761 1292 807 no-

227 850 401 935 minatur,
424 861 459 918 et
479 845 673 918 Malarteis
696 847 749 943 (ι)
773 851 1080 945 cognominatur:
1104 850 1205 950 qood
1226 878 1292 922 nos

226 964 355 1064 lingua
370 962 489 1035 latina
505 962 638 1035 malum
650 962 822 1036 artificem
836 969 1063 1062 exponimus,
1084 991 1151 1037 nec
1166 971 1293 1038 imme·

226 1086 303 1153 rito.
328 1089 413 1182 Ipse
434 1106 592 1178 namque
610 1079 749 1151 nullum
768 1083 913 1181 penitus
935 1081 1094 1177 officium
1113 1080 1290 1172 babebat,

226 1204 293 1271 nisi
311 1214 454 1270 tantum
472 1197 658 1270 insidiari.
684 1196 859 1270 Omnibus
878 1198 963 1270 dico
983 1227 992 1269 :
1011 1202 1202 1274 monacbis
1218 1206 1293 1273 sci-

226 1317 308 1389 licet
322 1316 384 1387 uel
396 1316 553 1403 clericis,
570 1314 743 1387 militibus
760 1332 794 1388 et
808 1319 970 1406 rusticis,
988 1335 1022 1389 et
1034 1321 1142 1391 totius
1155 1319 1293 1391 ordinis

226 1432 444 1521 bominibus,
464 1450 539 1505 tam
557 1433 732 1530 religione
736 1431 903 1530 famosis
921 1461 1031 1534 quam
1045 1435 1155 1508 aliter
1168 1439 1293 1509 m'oen-

227 1552 332 1625 tibus.
345 1551 436 1640 Sed,
447 1579 492 1623 ne
501 1552 734 1624 mendacium
747 1557 927 1626 incurrere
939 1554 1080 1644 uidear,
1082 1551 1296 1655 frequenter

227 1671 289 1743 tac
306 1669 465 1769 agebat,
485 1696 709 1769 quocumque
724 1670 903 1742 malitiam
920 1698 1025 1743 suam
1045 1671 1202 1744 dilatare
1218 1699 1293 1745 oa-

228 1787 333 1860 lebat.
361 1786 494 1859 Omnes
514 1789 637 1886 itaque
653 1787 843 1887 aqualiter
856 1814 927 1889 pro
942 1814 1055 1890 posse
1071 1789 1290 1877 accusabat,

228 1921 263 1975 ut
276 1931 405 1977 omnes
422 1909 459 1975 in
476 1903 651 1976 damnum
667 1908 819 1976 mitteret
837 1911 915 1976 totis
933 1905 1071 1979 uiribus
1086 1906 1290 1979 laborabat.

232 2021 320 2092 Cum
333 2020 447 2092 alicui
467 2021 526 2093 uel
540 2020 707 2121 pluribus
721 2020 891 2109 nocebat,
911 2023 1101 2095 interillos
1119 2049 1294 2094 numero-

230 2136 346 2224 tatur,
363 2137 410 2206 cle
424 2135 552 2235 quibus
564 2135 723 2209 dieitur:
741 2137 926 2208 Laetantur
937 2164 1019 2210 cum
1033 2139 1292 2224 malefecerint,

230 2270 260 2326 et
282 2253 449 2326 exultant
475 2253 510 2324 in
536 2253 641 2325 rebus
665 2253 822 2351 pessimis
846 2255 909 2348 (o).
938 2253 980 2325 Si
1003 2271 1122 2326 autem
1144 2282 1191 2325 ea
1215 2279 1296 2325 vero

230 2370 407 2443 damnare
436 2369 624 2469 nequibat,
646 2397 716 2470 per
739 2396 819 2441 eum
842 2373 907 2468 qai
932 2373 969 2440 in
994 2369 1056 2442 illo
1085 2369 1298 2470 loquebatur

230 2487 418 2560 diabolum
445 2488 610 2560 irmentor
622 2486 809 2582 salsitatis
837 2486 1000 2559 mendae
1028 2504 1062 2559 et
1083 2505 1192 2586 puter
1215 2488 1296 2586 ejus

232 2604 461 2701 efficiebatur.
475 2604 552 2676 Sed
561 2632 643 2677 cum
653 2605 788 2693 nullus,
803 2606 914 2676 etiam
927 2631 1008 2676 cam
1022 2631 1065 2677 eo
1075 2604 1124 2676 ab
1137 2603 1296 2702 iffautia

231 2720 520 2823 inseparabiliter
530 2748 765 2821 permanens,
784 2722 894 2822 liujus
914 2724 988 2794 oiri
1001 2721 1102 2795 mala
1119 2748 1190 2793 non
1210 2722 1297 2795 dico

232 2839 401 2925 scribere,
431 2840 497 2911 sed
520 2841 629 2911 etiam
656 2837 786 2939 referre
809 2841 935 2912 ualeat
958 2843 1067 2934 (nam
1085 2841 1174 2939 jure
1199 2841 1297 2911 mille

233 2958 300 3025 arti
316 2954 368 3026 ex
384 2956 437 3052 (δι
455 2957 678 3050 ιιοεανειιιι),
697 2956 888 3028 redeamus
905 2956 960 3027 ad
975 2959 1147 3054 incoepta.

277 3072 431 3159 Audito,
449 3088 487 3142 ut
500 3072 678 3160 ds‘eiruus,
694 3100 833 3144 rumore
841 3073 1018 3173 praeliati
1028 3075 1101 3143 oiri
1110 3071 1296 3168 religionis

233 3188 390 3260 ltaln'tum
410 3195 570 3288 arripere
591 3193 786 3292 cupientis,
811 3193 979 3289 magistri
996 3191 1056 3261 sui
1074 3188 1293 3277 doctrinam,

234 3309 295 3402 qui
308 3333 451 3406 semper
464 3309 634 3378 mentitur
645 3325 709 3378 aut
722 3308 877 3404 decipit,
896 3323 1059 3394 seculus,
1079 3302 1223 3378 otloenit
1237 3307 1298 3377 ille

238 3421 446 3495 Radbertus.
468 3424 542 3521 Qui
556 3423 720 3495 dicturus
735 3423 980 3511 mendacium,
994 3449 1019 3493 a
1032 3422 1225 3495 mendacio
1240 3428 1296 3494 in-

237 3542 383 3640 cipiens,
404 3541 590 3614 aitnobis:
607 3542 712 3613 Hunc
731 3539 916 3612 hominem
933 3571 942 3610 z
962 3541 1122 3612 Bricstan
1141 3541 1294 3627 scilicet,

250 3693 426 3702 -—-————

267 3755 303 3823 (s)
319 3754 394 3807 Nous
410 3772 445 3807 ne
459 3756 634 3809 connaissons
650 3773 696 3826 pos
707 3773 742 3809 en
759 3752 929 3808 Normandie
942 3752 1094 3825 d’exemple
1107 3752 1143 3807 de
1156 3752 1298 3826 sobriquet

240 3856 294 3893 sous
305 3842 328 3894 la
342 3843 431 3896 formo
444 3844 528 3915 qu'on
538 3843 578 3898 lui
588 3843 681 3898 donne
694 3844 745 3903 ici‚·
760 3844 828 3897 mais
841 3843 978 3915 plusieurs
991 3840 1106 3895 lamilles
1118 3860 1134 3912 y
1149 3841 1297 3913 portentis

241 3947 294 3983 nom
306 3931 341 3986 de
352 3933 472 3986 Mullnrt
484 3952 520 3986 ou
535 3934 655 3996 Matar-t,
668 3934 716 4005 qui
728 3951 762 3986 en
774 3942 817 3988 est
828 3930 1038 4004 probablement
1049 3950 1102 3985 une
1112 3931 1294 3985 contractiori.

270 4028 306 4089 a)
319 4023 409 4089 Pron,
427 4041 459 4088 n,
477 4029 516 4088 sl.

269 4108 304 4178 (5)
318 4111 443 4166 Allusion
460 4131 494 4165 au
508 4130 572 4166 nom
589 4112 655 4165 d'un
669 4112 769 4166 demon
786 4113 841 4164 tries
856 4129 948 4166 connu
961 4127 996 4162 au
1008 4126 1108 4180 moyen
1122 4109 1186 4180 ige,
1201 4118 1297 4181 etque

245 4216 302 4254 nous
319 4221 403 4255 avons
422 4222 456 4255 va
478 4204 580 4276 ligures
601 4201 669 4256 dans
689 4203 712 4255 la
738 4199 854 4274 ligendo
871 4200 906 4254 de
923 4201 994 4254 saint
1010 4195 1129 4254 Martini.
1149 4197 1240 4268 Voyez
1257 4198 1299 4252 ci-

246 4285 336 4356 denas,
354 4304 372 4345 ι.
387 4293 415 4357 1,
431 4312 459 4365 p.
473 4290 533 4366 37¹·
1117 4300 1135 4335 0
